2874 5048
738 342 786 410 dl

307 537 582 622 Conterimnrqne
603 533 695 600 bones
728 547 760 598 et
789 537 878 600 eires
899 539 1136 626 agricolarum

304 641 525 729 Conflnimnn,
550 641 652 726 ferro
685 642 742 705 oin
768 643 864 706 oreis
889 644 1144 729 suppeditantis

309 749 420 836 Usque
439 747 519 812 odeo
530 759 681 833 pareunt
690 746 789 831 fetus
815 761 1006 838 augentque
1030 752 1203 820 laborem!

268 959 434 1043 Corruptio
475 969 537 1022 tota
572 967 639 1022 ortu
674 969 720 1022 est
744 958 931 1042 compendio
957 957 1140 1050 archetypi,
1174 965 1220 1029 sio
1244 967 1332 1032 exhi·

215 1066 336 1130 bentis:
359 1064 457 1146 ferro
477 1101 514 1114 -
530 1059 744 1149 suppodititi
755 1090 768 1142 ¹.·
793 1065 938 1130 librarius
962 1088 1036 1131 vero
1062 1069 1155 1154 tegit:
1170 1069 1335 1156 ferri*-

215 1171 446 1256 enppeditoti‚
472 1169 585 1234 lineola
619 1171 776 1238 translati.
826 1170 879 1235 Sie
904 1193 999 1236 omne
1022 1174 1194 1261 asyndeton
1228 1181 1332 1264 perit,

218 1299 309 1344 causa
343 1278 455 1342 erroris
487 1286 590 1362 patet,
616 1278 768 1343 restitutio
793 1278 881 1342 uobis
906 1279 1113 1366 suppeditat.

651 1599 894 1611 m

510 1809 594 1869 Ab
644 1807 919 1872 LIBRUM
967 1812 1030 1872 111.

731 2111 818 2133 ⁴0-

267 2362 342 2438 3,8,
392 2357 634 2444 Restituenduus
669 2379 741 2424 eum
775 2360 1003 2445 antiquioribus
1038 2361 1262 2445 interpretibus
1292 2382 1332 2425 oo

215 2463 330 2552 fortis
359 2467 528 2551 equinis,
554 2486 616 2528 uon
642 2476 673 2527 et
693 2463 807 2548 sortis
833 2468 912 2552 eqni
944 2469 1017 2543 oio,
1050 2478 1085 2531 ut
1117 2469 1210 2531 tacite
1233 2468 1333 2532 edidit

223 2571 383 2656 Forbiger.
442 2571 624 2634 Construes:
657 2571 829 2634 consimile
856 2594 896 2635 ue
925 2573 1036 2658 fortis
1070 2576 1149 2661 equi
1170 2572 1224 2638 oie
1245 2575 1267 2639 i.
1302 2595 1331 2640 e.

223 2677 307 2765 quod
332 2677 432 2739 simile
456 2688 534 2739 esset
566 2677 669 2760 vigori
699 2677 786 2740 fortis
812 2680 896 2764 equi.

269 2787 300 2860 3,
314 2783 368 2848 22.
414 2781 548 2866 Stupere
567 2783 649 2847 subit
674 2784 857 2848 caecitatem
878 2784 1059 2870 Forbigeri,
1090 2784 1160 2871 qui,
1187 2783 1332 2849 oodioum

224 2891 414 2975 optimorum
455 2890 621 2953 lectionem
672 2902 702 2952 et
736 2890 958 2954 Vossiauorum
990 2901 1022 2954 et
1054 2889 1331 2955 Lumbiuisuorum

225 2992 284 3083 (uti
317 3018 353 3058 ex
374 3017 483 3059 eorum
514 2997 652 3059 silentio.
670 2997 734 3058 alto
759 3007 845 3058 certo
870 2997 986 3060 eertius
1018 2997 1211 3061 concludere
1238 2991 1325 3080 licet)

222 3103 411 3184 aptissimam
442 3103 571 3188 integit
601 3112 827 3178 contemnens,
861 3101 1106 3165 Wakefieldium
1138 3102 1252 3166 ducem
1285 3123 1333 3164 se-

223 3209 278 3294 qui
310 3207 473 3282 maluerit,
495 3229 531 3270 ex
555 3207 672 3270 nullius
703 3207 769 3270 iere
799 3208 891 3290 pretii
915 3206 1104 3293 apographis
1134 3211 1266 3294 integer·
1285 3209 1332 3270 in-

103 3392 107 3405 ·
223 3312 423 3389 trudentem‚
458 3312 543 3399 quod
579 3313 729 3379 abundat.
796 3313 933 3402 Integer
973 3315 1057 3378 euim
1104 3315 1221 3378 oetier
1255 3312 1333 3376 nihil

222 3418 308 3483 eliud
337 3431 383 3482 est
415 3441 508 3505 quam
531 3419 709 3484 innubilus
740 3419 865 3486 oetlser.
916 3419 1012 3484 Sedes
1046 3421 1177 3485 deorum
1215 3419 1333 3486 deseri·

224 3525 362 3602 buntur3
396 3545 529 3610 querum
561 3524 694 3588 felicitas
736 3543 855 3589 summe
900 3537 936 3588 ut
977 3525 1195 3600 describetur,
1229 3526 1335 3590 omnia

222 3632 305 3696 boun
340 3631 421 3694 coeli
468 3632 585 3695 terreni
616 3632 677 3695 iltis
712 3631 952 3715 adjudicantur,
989 3633 1093 3695 omnia
1124 3632 1205 3694 mals
1229 3629 1334 3694 deue-

224 3749 349 3824 gsntur.
397 3739 442 3801 Ita
485 3760 607 3823 semper
637 3737 815 3802 innubilus
845 3737 960 3801 otther
990 3738 1120 3801 deorum
1159 3735 1246 3799 sedes
1275 3738 1335 3798 in-

222 3846 328 3931 tegit,
368 3845 413 3906 uti
457 3856 586 3922 contro,
631 3845 663 3906 in
708 3842 798 3908 terris
850 3865 959 3930 saepe,
1007 3845 1131 3908 coelum
1177 3841 1333 3920 nubibus,

223 3951 357 4026 nimbis,
402 3951 497 4014 tentis
537 3950 719 4025 turbatum,
765 3962 903 4034 terresb
924 3951 1097 4014 leontinum
1128 3947 1232 4026 sedes,
1277 3947 1333 4011 ob·

223 4066 341 4124 seurat.

269 4163 368 4240 3,26.
418 4161 560 4226 Lambini
579 4157 652 4222 libri
677 4159 900 4244 manuscripti,
919 4162 986 4244 ipso
1009 4173 1159 4238 testante,
1185 4162 1336 4244 praebent

221 4270 470 4354 dispiciantur,
503 4267 549 4330 uti
573 4277 604 4329 et
628 4267 789 4346 Vossiani3
811 4267 976 4354 Preigerus
998 4268 1081 4332 enim
1104 4268 1336 4354 despioinntnr

222 4377 279 4440 Pio
310 4385 474 4458 deceptum
504 4372 620 4436 relerre
642 4372 718 4437 dicit
755 4374 907 4438 variantes
940 4373 1111 4438 lectiones:
1146 4393 1223 4458 ergo
1258 4371 1334 4439 Vos·
1431 4409 1432 4412 ¹

221 4481 298 4555 sisui
323 4500 385 4542 non
410 4475 566 4542 habebant
590 4477 681 4544 illud.
1288 4483 1291 4487 ’
