2874 5048
745 330 793 394 66

219 535 296 598 sario
324 530 488 604 scribitur,
517 524 568 592 sed
598 544 703 588 nonne
731 533 760 586 et
789 520 863 584 hino
896 543 937 585 rs.
976 521 1039 584 522
1075 521 1196 587 literam
1231 547 1247 585 s
1281 548 1333 590 su·

218 657 406 724 pervacanee
427 632 562 697 additam
591 651 654 694 esse
683 626 871 694 concludere
890 626 997 690 licetl·
1114 657 1117 668 ·

263 748 302 822 3,
324 742 439 806 530&
457 743 509 806 31.
556 736 659 800 Nimia
690 733 841 820 religione
870 743 971 818 atque
1000 755 1058 819 pro
1097 737 1198 820 atqui
1233 749 1335 804 serrat

217 849 376 934 Forbiger.
434 843 546 930 Atqui
583 840 777 926 requiritur,
813 861 886 902 uam
927 839 1038 924 incipit
1077 841 1332 908 conclusionem:

221 955 347 1019 »vitalis
376 972 482 1016 sensus
511 969 600 1033 saepe
630 944 825 1010 membratim
855 945 953 1030 perit;
986 945 1092 1030 atqui,
1116 947 1267 1030 quoniam
1293 947 1336 1012 ita
1405 970 1406 1050 q

218 1061 339 1128 animus
366 1057 545 1133 scinditur3
574 1063 621 1118 est
650 1051 821 1116 mortalis.’'
868 1050 964 1136 Magis
998 1050 1162 1116 dialectice
1190 1052 1333 1118 dixisset:

220 1165 348 1231 »vitalis
365 1185 470 1228 sensus
487 1182 579 1245 saepe
595 1157 757 1244 paullatim
776 1156 979 1242 dispergitur3
999 1157 1085 1242 atqui
1105 1159 1147 1223 ita
1165 1159 1263 1223 animi
1280 1183 1337 1226 na·
1407 1174 1408 1260 t

208 1282 290 1355 tura
317 1268 468 1334 scinditur
487 1287 547 1331 nec
565 1265 684 1349 integra
706 1273 830 1340 manet3
857 1283 932 1349 ergo
955 1268 1078 1328 animus
1100 1274 1145 1328 est
1163 1267 1337 1332 mortalis.’'

267 1382 309 1454 3,
329 1380 405 1442 526.
454 1369 662 1455 Disperdere
689 1391 752 1433 nou
784 1379 903 1434 tautum
928 1369 1092 1437 Vossianus
1121 1381 1208 1435 retus
1240 1371 1338 1460 (conl.
1409 1378 1410 1428 l

223 1483 261 1548 ad
287 1478 523 1562 2‚1058-63)
551 1476 602 1541 sed
629 1488 659 1540 et
690 1475 836 1540 nonnulli
868 1475 1009 1540 Lambini
1035 1487 1154 1542 veteres
1185 1479 1256 1542 libri
1286 1503 1340 1545 ex-
1410 1479 1411 1488 ’

222 1589 341 1653 bibent.
387 1583 595 1656 confirmatur
627 1604 720 1666 porro
757 1603 847 1647 versu
884 1584 950 1646 538
984 1580 1232 1669 dispergimor
1266 1609 1341 1652 nam
1411 1582 1412 1586 ¹

225 1694 268 1758 ibi
302 1689 476 1756 antecedit:
509 1699 549 1752 et
572 1687 730 1750 dicimos
752 1699 842 1752 onte.
889 1687 954 1750 Nee
981 1699 1087 1754 tamen
1109 1687 1184 1754 hinc
1212 1691 1342 1757 ducitur

223 1797 393 1886 legendum
424 1818 488 1862 esse
521 1816 595 1860 oum
630 1792 782 1856 Lambino
819 1791 1018 1880 dispergere
1028 1818 1043 1870 ,-
1072 1815 1224 1880 quaenam
1254 1799 1340 1862 euim

228 1917 272 1972 est
309 1904 385 1969 ratio
424 1924 482 1968 cur
513 1898 736 1966 abundantiam
769 1898 932 1962 verborum
961 1909 992 1962 et
1025 1900 1223 1977 variantiam,
1257 1902 1344 1967 inter

227 2010 352 2074 delicias
379 2029 505 2091 poeseos
528 2004 702 2079 habendas,
735 2004 880 2067 Lucretio
906 2002 1152 2071 interdicamus?

275 2119 314 2192 3,
339 2114 416 2179 552.
464 2113 563 2176 Recto
591 2108 784 2197 ingeniosam
809 2109 905 2174 lsaiici
926 2110 1026 2177 Vossii
1045 2111 1293 2178 emendationem
1311 2116 1345 2179 iu

229 2231 346 2285 tartum
372 2219 488 2301 recepit
517 2216 677 2303 Forbiger.
725 2216 790 2280 Nec
813 2226 917 2279 tamen
941 2215 1126 2301 liquuntur
1144 2219 1345 2284 scribendum

223 2325 309 2390 mihi
337 2324 478 2403 videtur,
501 2322 554 2388 sed
580 2321 767 2386 restituenda
797 2322 888 2386 lectio
918 2321 1138 2388 Vossianorum
1172 2325 1345 2390 librorum:

225 2431 436 2518 'linguaton
484 2430 579 2505 Nam,
611 2427 659 2490 uti
676 2438 764 2490 secto
789 2429 914 2490 etenim
933 2428 1083 2492 facillime
1103 2452 1138 2493 ex
1161 2431 1348 2514 compendio

236 2537 391 2618 scribendi
428 2537 461 2598 in
489 2535 548 2598 sed
580 2545 694 2596 tanseat
720 2535 760 2596 ira
787 2534 873 2597 abire
902 2544 1090 2616 potueruut,
1118 2535 1159 2598 ita
1197 2559 1259 2600 uon
1281 2547 1348 2601 tam

239 2644 331 2708 facile
355 2652 458 2726 patet,
489 2639 648 2724 quomodo
670 2640 874 2724 liquuntur,
902 2639 1029 2703 verbum
1057 2641 1200 2704 Lucretio
1226 2642 1349 2732 saepius

234 2747 425 2826 adhibitum,
457 2746 490 2810 in
521 2745 730 2832 linguntur,
759 2744 844 2829 quod
873 2744 1054 2828 ceteroquin
1075 2745 1156 2829 apud
1182 2768 1255 2810 eum
1283 2769 1349 2812 uon

234 2855 412 2930 invenitur,
441 2864 625 2937 corruptum
647 2852 696 2918 sit.
744 2852 940 2917 Contrarium
961 2852 1062 2936 potius
1088 2862 1213 2920 statuas.
1260 2854 1346 2918 Lin-

233 2983 334 3050 gere,
352 2961 509 3024 Graecum
533 2956 667 3044 λείχειν,
693 2957 806 3022 rectius
832 2969 861 3022 et
891 2960 987 3043 magis
1013 2958 1133 3042 poetico
1163 2983 1228 3024 sese
1244 2960 1349 3027 habet.

235 3068 332 3132 Tabes
367 3065 451 3130 euim
496 3085 551 3149 per
588 3068 841 3148 prosopopoeiam
883 3061 999 3126 dicitur
1033 3064 1173 3150 lingere,
1211 3066 1349 3131 lambere

240 3173 378 3240 membra
405 3180 506 3246 secta,
531 3190 612 3254 quae
639 3168 799 3255 putrefieri
829 3168 994 3252 incipiunt.

287 3281 327 3353 3,
355 3278 431 3341 557.
478 3275 548 3338 Non
573 3275 627 3338 abs
653 3295 687 3340 re
709 3274 829 3338 ridetur
857 3275 974 3338 dictum
1006 3297 1082 3341 esso:
1121 3280 1278 3360 corperis
1300 3290 1351 3343 ot·

240 3406 302 3469 que
334 3381 448 3443 animi
479 3381 596 3444 vivata
624 3390 775 3462 potestas
798 3415 843 3428 -
867 3379 981 3443 volent
1005 3417 1047 3433 -
1063 3379 1245 3467 fruuntur
1274 3407 1351 3469 pro:

241 3508 364 3573 eorpus
397 3495 497 3569 atque
527 3488 687 3559 animus,
713 3487 792 3548 viee
815 3484 950 3571 quando
973 3498 1055 3550 sunt
1078 3477 1110 3551 et
1134 3491 1269 3566 ualent,
1294 3511 1353 3553 oo-

245 3598 315 3660 lent
338 3630 377 3642 -
391 3590 582 3678 fruantur.
630 3591 712 3655 Hinc
734 3602 889 3674 potestas
911 3615 982 3658 cum
1012 3594 1137 3678 plurali.
1185 3597 1238 3660 llst
1261 3598 1354 3662 rario-

244 3703 286 3766 ris
314 3699 464 3784 exempli3
492 3705 565 3762 narn
590 3708 741 3781 potestas
762 3719 826 3762 non
852 3710 896 3786 cst
925 3700 1135 3766 collectivum.

290 3811 329 3882 3,
354 3806 430 3870 572.
478 3804 715 3887 Interpretatio,
739 3829 754 3868 a
782 3804 991 3870 Wakefieldio
1017 3806 1053 3870 ad
1082 3807 1226 3872 codicum
1248 3808 1357 3872 lectio·

243 3935 331 3980 uem:
370 3912 526 3974 animam
559 3912 663 3987 serit,
694 3909 918 3976 defendendam
945 3897 1098 3989 adhibito,
1132 3936 1150 3977 a
1189 3914 1358 3998 Forbigaro
1412 3899 1416 3908 ¹

243 4018 386 4104 probata,
416 4016 502 4080 nulla
531 4015 649 4082 ratione
671 4027 769 4101 potest
804 4017 935 4082 admitti.
982 4017 1045 4081 Ater
1075 4018 1178 4097 euim,
1206 4018 1233 4082 si
1259 4029 1359 4103 posset

244 4123 331 4200 fieri,
363 4131 398 4184 ut
423 4121 546 4184 animus
573 4132 657 4186 extra
688 4144 801 4210 corpus
829 4136 972 4190 terrestre
1007 4137 1189 4210 compactus
1220 4136 1360 4189 maneret

244 4254 304 4296 nac
327 4226 564 4302 dissolveretur,
589 4235 642 4292 atr
666 4251 725 4292 noe
755 4241 856 4314 posset
882 4230 1011 4316 gignere
1031 4252 1162 4314 corpur;
1184 4252 1255 4295 nam
1276 4229 1362 4295 uude

246 4331 454 4402 adscisceret?
485 4353 544 4396 uec
574 4333 703 4420 gignere
729 4335 887 4411 animam,
920 4336 1036 4422 quippe
1060 4337 1225 4422 quaejam
1247 4347 1362 4402 extaret

247 4452 277 4505 et
309 4435 431 4504 nonnisi
463 4439 727 4506 conservationem
765 4452 795 4504 et
832 4442 1012 4508 continuant
1052 4443 1266 4521 existentiam,
1309 4465 1360 4508 seu
