2920 5044
1439 70 1441 222 1

1118 329 1442 494 ‘t

273 570 366 635 Ludit
395 567 514 633 scilicet
544 570 634 649 poita
666 564 699 626 in
732 560 926 650 legionibus
955 575 985 626 et
1016 563 1257 652 religionibus.
1305 571 1342 634 Si
1442 612 1443 680 p

229 700 310 752 non,
334 674 457 759 inquit,
481 693 579 758 quum
602 680 670 734 tuas
690 669 827 755 legiones
856 668 956 733 videas
982 667 1162 737 hominbus
1190 685 1342 740 terrorem

227 784 387 856 incutere,
412 777 458 841 his
491 776 581 840 rebus
609 776 630 840 i.
664 797 691 840 e.
721 773 896 860 legionibus
930 773 1074 861 (quibus,
1103 788 1139 840 ut
1167 779 1341 859 machinis,

229 884 337 972 uteris)
367 897 432 950 tum
460 883 576 970 timore
604 880 733 944 affectae
769 879 935 965 religiones
965 879 1276 967 effugiuntauirnc,
1310 898 1341 951 et
1443 884 1444 926 ³

228 996 253 1063 si
276 1015 339 1058 nun
363 1003 429 1055 tum
452 989 558 1053 mortis
583 988 706 1051 timores
728 986 877 1076 linquunt
902 997 1022 1070 tempus
1041 1009 1171 1051 vacuum
1187 992 1341 1057 solutum-

229 1121 292 1186 que
322 1119 417 1172 cura,
444 1117 545 1181 quum
572 1093 670 1159 videas
698 1093 825 1156 classem
855 1092 973 1156 fervere
993 1092 1117 1177 lateque
1138 1097 1251 1180 vagari,

273 1203 445 1270 Arbitrarie
463 1201 546 1266 euim
559 1248 566 1277 ‚
579 1279 581 1283 ,
594 1219 696 1284 neque
717 1199 778 1262 alio
803 1218 898 1282 quam
923 1197 990 1261 soni
1012 1198 1222 1266 similitudinis
1241 1225 1342 1290 argu.

231 1321 336 1376 mento
363 1309 446 1384 nixi,
473 1320 664 1392 postremum
695 1303 807 1368 horum
837 1325 1001 1382 versuum,
1024 1327 1039 1368 a
1061 1305 1161 1370 Nonio
1190 1309 1344 1388 allatum,-

229 1428 297 1504 post
317 1439 359 1483 vs.
387 1415 425 1476 41
458 1415 627 1499 posuerunt
655 1412 859 1494 interpretes,
892 1411 944 1475 cui
965 1396 1147 1476 suus'toeus
1178 1426 1222 1478 est
1252 1416 1340 1480 resti·
1389 1427 1392 1431 ’

229 1521 381 1600 tuendus3
408 1540 472 1604 quo
495 1519 597 1593 facto,
618 1539 725 1581 omnes
745 1515 980 1599 disputationes,
1003 1527 1107 1581 utrum
1128 1541 1231 1584 versus
1251 1520 1341 1588 hicce

228 1629 269 1694 sit
294 1627 449 1714 genuinus
474 1645 514 1688 au
545 1623 752 1698 subdititius‚
779 1631 983 1699 evanescunt;
1020 1632 1088 1686 tum
1125 1623 1225 1689 honor
1252 1627 1339 1693 lunis

140 1763 143 1770 ¹
226 1734 342 1821 politici
368 1731 511 1796 Lucretio
541 1729 729 1808 restituitur;
766 1726 902 1813 denique
932 1739 995 1792 tota
1022 1729 1166 1814 periodus
1191 1733 1337 1820 elegans,

227 1838 358 1904 rotunda
385 1836 472 1900 etin
500 1857 533 1900 se
561 1836 707 1899 conclusa
729 1833 839 1899 evadit.
886 1834 982 1898 Grata
1004 1846 1035 1898 et
1055 1836 1198 1919 jucunde
1219 1850 1264 1903 est
1285 1839 1339 1903 illa

227 1944 401 2011 conversio:
433 1963 508 2004 cum
532 1940 649 2003 eidone
669 1941 819 2028 legiones
851 1975 896 1989 —
928 1951 1001 2002 tum
1031 1977 1078 1992 -
1109 1940 1284 2030 effugiunt
1308 1958 1338 2010 et

227 2063 301 2115 tum
321 2051 448 2112 mortis
466 2049 607 2110 timores
628 2048 790 2133 linquunt
810 2083 851 2096 -
870 2068 975 2131 quum
996 2039 1112 2111 uideas·
1129 2049 1281 2116 classem.
1294 2089 1339 2102 -

225 2156 390 2242 Aptissime
416 2152 475 2229 hac
506 2154 624 2218 ratione
659 2152 772 2238 duplex
807 2162 881 2216 tum
916 2151 1034 2236 duplici
1068 2176 1144 2216 oum
1173 2155 1338 2240 respondet

226 2284 286 2328 nec
318 2283 395 2346 opus
418 2283 481 2326 esse
503 2259 624 2326 videtur
645 2260 786 2344 pluribus
807 2279 911 2323 veram
933 2258 1099 2324 lectionem
1123 2261 1255 2345 probare
1272 2261 1337 2338 illi,
1401 2307 1403 2311 -

210 2369 407 2455 ,quicunque
434 2365 580 2451 opinione
608 2387 671 2451 non
698 2364 909 2451 praejudicata
933 2363 987 2428 hos
1013 2387 1115 2430 versus
1145 2367 1255 2454 legerit
1277 2365 1336 2455 (l).

272 2475 313 2549 2,
336 2473 399 2534 113
421 2474 453 2536 de
477 2474 529 2538 14.
577 2471 679 2552 Quam
699 2493 809 2556 parum
828 2469 961 2557 cogitate
979 2471 1127 2558 Forbiger
1143 2472 1177 2536 in
1194 2473 1338 2539 Lucretio

225 2577 413 2644 recensendo
446 2578 564 2663 egerit,
589 2587 621 2640 et
645 2575 685 2639 de
709 2599 800 2640 sensu
816 2576 958 2639 locorum
978 2576 1073 2640 fuerit
1092 2577 1260 2655 sollicitus,
1282 2577 1336 2645 hic

224 2686 312 2750 locus
336 2684 459 2768 probet,
482 2683 514 2746 in
534 2703 617 2768 quo,
644 2681 791 2767 deceptus
815 2683 965 2746 rariorum
986 2685 1151 2748 verborum
1170 2685 1334 2771 cupidine,

228 2790 307 2881 (adv.
337 2787 490 2877 insertim)
519 2811 624 2854 senam
652 2789 840 2866 lectionem,
873 2810 967 2874 quam
1001 2779 1122 2876 optimi*
1139 2790 1260 2858 codices
1285 2792 1334 2869 G,

224 2898 274 2976 Y,
300 2897 323 2960 Z
352 2896 388 2983 (Z
410 2893 487 2983 radi)
519 2896 687 2982 praebent,
718 2917 775 2980 pro
800 2894 891 2958 stulta
917 2887 1050 2984 (χρυσέα
1070 2888 1241 2986 χαλκείων)
1261 2921 1336 2962 mu-

225 3003 310 3069 tarit.
1446 3009 1448 3014 ’

158 3175 160 3178 .
269 3111 398 3175 Nullum
421 3110 506 3174 enim
536 3107 629 3173 habet
656 3129 779 3172 sensum
810 3107 988 3194 Forbigeri:
1019 3109 1183 3171 ineos-tim
1208 3144 1252 3157 -
1273 3131 1335 3174 ru-

227 3215 318 3291 dius,
338 3217 378 3279 ob
396 3215 561 3299 repetitum
588 3235 693 3299 quum
715 3214 749 3276 iu
781 3235 868 3276 versu
891 3212 1049 3279 anteriori.
1095 3213 1176 3300 Apte
1204 3217 1337 3302 explicat

226 3325 331 3387 locum
364 3319 494 3384 Siebelis
523 3320 555 3383 in
589 3319 628 3400 Q.
659 3319 692 3384 L.
727 3341 756 3404 p.
779 3321 841 3397 11,
870 3319 921 3384 cui
953 3330 1055 3383 tamen
1083 3321 1131 3382 vix
1164 3321 1337 3388 concedere

226 3448 372 3513 possum,
404 3425 608 3513 conjungenti
628 3447 869 3512 quemcunque.
917 3424 1000 3489 Illud
1021 3426 1150 3489 inserti
1170 3428 1271 3503 euim,
1295 3449 1337 3491 ue

227 3533 358 3599 otiosum
384 3531 436 3596 fiet
468 3544 498 3597 et
524 3532 643 3610 debile,
681 3532 798 3618 aliquid
826 3532 966 3620 flagitare
997 3531 1139 3610 videtur,
1175 3554 1239 3619 quo
1275 3532 1336 3597 vim

226 3639 368 3725 accipiat.
416 3639 497 3703 Hinc
519 3638 573 3716 fit,
597 3649 631 3703 ut
658 3640 763 3725 legere
782 3635 898 3716 velim,
923 3658 978 3723 pro
1004 3659 1183 3725 puorosque,
1209 3661 1336 3725 quoque

226 3744 366 3832 illudque
388 3744 559 3832 adjungere
582 3740 628 3839 τῷ
651 3748 790 3810 inserti.
838 3743 947 3809 Rodii
970 3766 1096 3830 quoque
1120 3746 1249 3807 inserti
1268 3745 1289 3808 i.
1306 3764 1333 3810 e.

226 3844 457 3936 quoquoversus
486 3851 611 3928 inserti,
648 3853 680 3916 in
708 3873 814 3917 omues
834 3853 917 3914 locos
936 3861 1140 3935 penetrantes.
1190 3850 1335 3915 Ubicun-

227 3975 290 4040 que
312 3957 394 4021 enim
418 3969 561 4042 apertura
586 3958 644 4034 sit,
670 3979 725 4041 per
749 3979 816 4020 eam
842 3957 944 4043 gliscit
968 3957 1087 4040 lumen.

171 4067 173 4080 “
273 4060 334 4125 Sed
356 4075 481 4147 propter
506 4085 629 4135 versum
655 4066 717 4127 116
748 4061 932 4126 »radiorum
961 4063 1080 4126 lumine
1104 4063 1136 4127 iu
1158 4062 1249 4148 ipso'’
1272 4062 1337 4126 lere

227 4190 264 4234 eo
292 4168 448 4255 perducor
469 4181 504 4232 ut
535 4171 655 4254 legam:
692 4189 824 4253 ›rquum
855 4169 942 4230 solie
977 4167 1107 4232 lumine
1128 4163 1255 4255 quoque
1279 4169 1337 4229 in-

260 4417 300 4480 (1)
335 4417 377 4466 De
395 4418 492 4468 duobus
507 4421 563 4469 eliis
580 4419 694 4469 versibus
712 4421 825 4470 innonn.
841 4421 914 4470 codd.
934 4419 1015 4470 obviis
1032 4421 1083 4471 vid.
1102 4421 1140 4468 vir
1153 4417 1337 4476 doctusWeil,

228 4501 253 4549 in
272 4500 344 4550 Dier.
362 4499 452 4564 Antiq.
474 4505 551 4564 1847,
571 4510 631 4554 sect.
647 4509 676 4564 1,
692 4508 736 4569 qui
751 4513 837 4556 tamen
852 4506 883 4555 de
899 4506 994 4556 nostris
1009 4504 1075 4554 nihil
1093 4503 1175 4553 habet.
