2920 5044
589 385 591 390 .
671 329 718 392 99

131 528 216 614 glor
237 525 316 588 doec
335 521 451 586 cedrus
469 532 596 584 notare
614 531 798 620 sequetem
819 519 925 586 idem
919 533 1009 610 poeta
1029 524 1131 590 dicere
1150 528 1246 592 voluit

96 713 99 717 Δ
134 643 228 727 atque
251 629 421 725 Epicurus:
446 619 486 692 τὸ
509 619 613 715 disper
638 625 707 714 παῤ
736 618 845 715 ἕτερόν
869 653 902 694 τι
930 630 1115 718 θεωρεῖται.
1162 632 1247 697 Haec

134 737 159 800 si
182 721 385 823 probabiliter
419 731 570 817 disputata
598 743 690 808 suut,
724 733 861 816 suppleri
894 732 985 798 debet
1019 735 1057 799 ad
1090 735 1247 803 videatur

132 841 309 924 subjectum
333 839 420 934 finis
448 861 484 902 ex
506 837 702 902 antecedenti
716 837 848 924 finiet,
878 840 921 903 ita
939 851 973 904 ut
998 862 1102 906 sensus
1124 843 1181 906 sit:
1204 845 1244 908 ita

133 960 168 1012 ut
203 947 274 1012 finis
294 947 359 1024 rei,
388 967 468 1032 quae
489 943 613 1020 linitur,
637 955 799 1029 appareat,
823 947 904 1010 ultra
927 968 1021 1031 quem
1042 959 1151 1012 natura
1171 971 1245 1014 seu·
1303 940 1309 951 ⁴

132 1055 183 1118 sds
209 1053 330 1118 baeer
357 1075 384 1117 c.
408 1050 491 1114 banc
516 1072 581 1113 rem
606 1051 752 1136 persequi
776 1073 838 1115 uon
864 1053 967 1137 possit.

85 1193 86 1196 ¹
177 1161 247 1223 Non
276 1170 378 1223 tamen
403 1178 483 1242 nego
505 1157 590 1221 valde
609 1167 783 1220 contortam
802 1180 865 1222 esse
883 1159 969 1222 illam
988 1131 1242 1246 explicationem,

131 1265 215 1330 unde
249 1262 411 1348 corruptio
439 1261 517 1326 mibi
543 1263 639 1326 latere
671 1260 826 1327 ridetur
817 1285 850 1326 m
869 1262 998 1349 finiat,
1034 1287 1090 1348 pro
1118 1286 1181 1350 quo
1209 1265 1243 1330 iu

132 1372 162 1434 Y
185 1383 215 1436 et
237 1370 261 1432 Z
276 1369 390 1456 finees
415 1369 549 1455 legitur,
582 1370 634 1433 sed
662 1369 819 1454 quomodo
846 1370 1066 1456 corrigendum
1085 1371 1143 1447 sit,
1162 1391 1243 1458 aqua

132 1477 248 1542 haeret.
296 1477 370 1540 Tale
388 1475 463 1560 quid
484 1476 632 1560 scriptum
659 1497 723 1540 esse
751 1475 907 1560 suspicor:
936 1499 1000 1562 quc
1014 1475 1102 1558 fior,
1131 1489 1171 1542 ret
1192 1479 1242 1541 oi-

130 1583 254 1648 deatur
277 1585 299 1649 i.
329 1607 356 1648 o.
390 1603 454 1666 quo
479 1581 532 1646 fiat
562 1592 597 1645 ut
632 1581 691 1645 boc
719 1593 882 1665 appareat,
919 1583 998 1646 ultra
1028 1569 1243 1668 quod'sensus
1359 1597 1362 1599 ’

131 1711 195 1754 non
225 1688 460 1775 progrediatur,
492 1688 514 1752 i
539 1711 566 1752 e.
592 1699 776 1753 extremum
820 1686 880 1751 Sed
910 1697 1044 1751 metrum
1074 1711 1136 1752 non
1168 1712 1242 1775 per-

132 1795 247 1869 mittit,
271 1794 387 1858 decedo
415 1793 623 1878 peritioribus.

180 1904 215 1976 1,
237 1901 313 1965 976.
359 1898 436 1964 Cum
468 1900 496 1964 G
528 1895 669 1963 exhibeat
696 1899 858 1984 probeat,
891 1900 920 1961 Y
949 1912 977 1963 et
1008 1900 1032 1962 Z
1059 1899 1236 1986 praebeat,

131 2007 241 2093 quidni
255 2004 439 2090 probanti.
462 2027 489 2071 e.
509 2004 689 2090 probibeat
711 2006 895 2080 scribatur,
909 2005 954 2070 uti
974 2009 1039 2072 986
1057 2005 1241 2094 confluxet,

131 2113 350 2177 contractione
384 2112 476 2180 etiarn
511 2123 638 2176 externe
674 2112 891 2177 manifestata?
948 2114 1016 2176 Non
1050 2123 1169 2177 tantum
1204 2134 1240 2177 ex

130 2240 219 2282 versu
244 2218 310 2281 972
341 2215 535 2301 »probibere
559 2228 588 2280 et
616 2209 757 2283 obstare'’
780 2229 809 2281 et
828 2240 863 2282 ex
883 2218 1026 2304 sequenti
1051 2219 1240 2304 »quomiuu'

132 2343 197 2408 quo
224 2322 350 2386 missum
383 2327 448 2386 est’'
475 2333 534 2388 etc.
564 2323 616 2386 sed
649 2323 762 2387 certius
784 2323 876 2387 ctiam
904 2346 939 2387 ex
960 2323 1094 2388 lectione
1122 2321 1241 2391 Vossia-

131 2451 242 2493 norum
274 2427 433 2514 praebeat
461 2449 516 2512 pro
540 2428 697 2514 probeat,
722 2439 805 2516 patet
832 2450 905 2493 cum
929 2429 1056 2495 Wakel.
1082 2441 1111 2494 et
1126 2428 1241 2496 llicbst.

130 2533 298 2620 legendum
332 2556 395 2598 esse
420 2534 618 2622 efficietque.
671 2534 828 2598 Librarius
859 2535 959 2610 euim,
995 2534 1050 2619 qui
1082 2533 1243 2620 praebeat
1307 2534 1310 2540 ’

134 2641 316 2725 scripserat,
345 2639 519 2704 necessario
546 2641 636 2704 etiam
668 2639 857 2728 ffeiotqrrs
885 2640 1021 2704 seribere
1041 2639 1157 2708 debuit.

179 2753 217 2822 l,
240 2748 337 2811 1032.
366 2746 412 2812 .G
444 2757 474 2810 et
504 2747 527 2810 Z
558 2745 586 2834 (a
618 2746 718 2831 prima
748 2743 855 2830 manu)
876 2743 992 2810 babent
1010 2743 1134 2830 forto,
1164 2747 1242 2836 inZ¹

131 2863 307 2916 correctum
328 2850 444 2937 foeta,
464 2851 548 2937 quod
573 2851 797 2918 restituendum
825 2872 954 2927 censeo,
984 2852 1030 2914 vel
1045 2861 1171 2936 propter
1196 2873 1243 2915 as·

129 2957 322 3033 sonantium,
359 2979 453 3044 quarn
496 2956 623 3037 dicunt3
658 2957 741 3021 idem
773 2938 850 3032 dicit
885 2959 923 3034 2,
946 2959 1031 3022 994:
1070 2969 1149 3020 terra
1191 2955 1241 3046 (ex

129 3062 297 3127 humorum
332 3063 428 3148 guttis
466 3060 732 3150 receptisl‘loets
767 3063 847 3148 parit
887 3061 999 3125 nitidas
1027 3061 1157 3147 fruges,
1186 3061 1240 3126 ubi

121 3166 220 3253 foetu
246 3189 309 3230 non
335 3179 379 3231 est
406 3168 569 3253 expulsum
589 3190 606 3232 a
625 3158 812 3254 Forbigero,
840 3178 870 3230 et
892 3179 992 3242 recte,
1022 3164 1134 3247 ered03
1168 3173 1240 3232 nam
1338 3181 1343 3187 '

131 3273 226 3361 guttis
253 3295 316 3337 nou
334 3256 476 3357 fovetur
505 3287 595 3342 terra.
650 3268 655 3272 ’

120 3442 124 3447 .
178 3382 213 3456 1,
239 3381 335 3472 1072.
382 3380 549 3445 Lambinus
571 3382 709 3469 regione
729 3381 834 3468 legens
856 3380 1004 3465 explicat:
1029 3399 1114 3444 »nee
1142 3381 1167 3444 si
1187 3380 1241 3445 de·

128 3509 197 3550 mus
228 3508 292 3550 esse
319 3485 475 3563 medium,
509 3498 636 3572 propter
665 3485 746 3551 hauc
778 3509 900 3551 causam
928 3487 961 3550 iu
988 3485 1092 3551 medio
1118 3487 1239 3570 potius,

128 3613 221 3677 quam
247 3592 280 3655 in
305 3593 414 3677 quovis
447 3593 507 3657 alio
536 3595 622 3670 loco,
651 3595 821 3678 quicquam
843 3593 1010 3658 consistere
1028 3581 1154 3677 queat}”
1191 3593 1237 3670 G,

127 3700 176 3774 X,
200 3698 247 3774 Y,
275 3698 299 3760 Z
328 3697 442 3762 habent
470 3699 562 3763 etiam
596 3701 755 3788 regiona,
788 3699 833 3761 uti
865 3709 895 3762 et
926 3695 1049 3761 codices
1078 3697 1238 3775 Lambini,

127 3825 200 3867 nam
232 3803 397 3868 lectionem
428 3807 577 3868 ratione>
596 3815 684 3868 vocat
717 3800 954 3887 »quorumdam
984 3801 1136 3865 librorum
1161 3803 1240 3888 typis
1298 3879 1300 3887 Α

128 3911 334 3974 excusorum“
365 3907 473 3994 (Brix,
497 3911 570 3978 Ver.
595 3911 673 3977 Ven.
697 3909 782 3975 Junt.
814 3905 884 3975 ttd.
912 3905 966 3995 2),
992 3907 1075 3994 quod
1102 3929 1238 3994 repono,

126 4014 202 4078 licet
234 4014 437 4098 probabiliter
468 4016 603 4080 ratione
635 4015 769 4102 explicet
800 4014 959 4100 Forbiger.
1007 4014 1060 4078 Uti
1089 4013 1173 4078 enim
1203 4039 1238 4080 er

127 4105 329 4185 conclusione
359 4123 511 4186 vs.-1080
532 4124 597 4184 dcl
632 4133 778 4207 apparet,
810 4143 873 4185 non
900 4120 1054 4206 disputat,
1083 4142 1180 4205 quare
1205 4122 1238 4185 iu

126 4226 231 4291 medio
257 4246 303 4311 res
327 4226 515 4304 consistant,
546 4227 598 4292 sed
613 4209 737 4313 potius,
768 4248 814 4290 res
837 4249 900 4293 uon
920 4227 1085 4292 consistere
1104 4225 1237 4304 alicubi,

127 4332 275 4415 quoniam
307 4331 445 4397 medium
475 4333 534 4410 sit,
572 4335 624 4398 ubi
654 4333 830 4402 consistant.
