2874 5048
470 346 712 430 ·'nr

139 578 221 645 tate;
246 587 305 629 nox
323 585 404 648 quae
420 571 558 626 mentem
580 562 732 638 delectat,
759 563 802 625 uti
823 563 1011 632 Sauscritice
1031 569 1137 634 eadem
1157 593 1249 635 rem·

129 675 177 759 je
204 673 226 737 i.
256 690 437 736 camoena
463 668 579 732 dieitur
609 667 778 758 (delectans
796 668 960 756 amabilis).

183 777 244 841 Sed
279 774 363 839 unde
398 775 502 861 imago
537 772 615 837 haec
651 773 749 837 noctis
782 781 890 859 poetae
926 777 960 841 in
991 779 1095 844 animo
1124 782 1251 867 surgit?

136 884 236 948 Libro¹
256 888 269 946 l
290 905 331 947 rs.
353 883 414 944 143
435 901 503 964 sqq.
531 879 693 943 Lucretius
719 879 856 945 declarat
885 904 917 947 se
953 897 1095 948 »noeros
1124 888 1251 973 vigilare

136 1011 290 1064 serenas,
321 998 520 1073 quaerentem
549 985 638 1050 dictis
665 987 777 1069 quibus
810 999 839 1050 et
869 1009 932 1072 quo
957 992 1094 1056 carmine
1121 992 1248 1057 demum

137 1097 219 1160 clara
246 1094 371 1158 Memmi
401 1093 494 1176 possit
530 1091 738 1176 praepandere
772 1093 890 1156 lumina
926 1097 1046 1159 menti‘’
1079 1097 1155 1184 (ipsa
1185 1100 1250 1164 sere

135 1203 227 1266 rerba
252 1211 324 1265 sunt
353 1205 472 1284 poetae.
520 1197 628 1281 Neque
650 1197 750 1282 aptius
775 1221 848 1262 sane
876 1200 909 1264 in
937 1202 1036 1288 plagis
1063 1203 1125 1266 illis
1154 1205 1248 1268 meri-

136 1307 310 1372 dionalibus
337 1316 458 1389 tempus
480 1314 524 1368 est
549 1302 751 1389 philosopho,
782 1325 845 1389 qno
882 1307 1068 1384 meditetur,
1100 1310 1198 1394 inque
1218 1334 1250 1376 sc

137 1425 217 1476 totus
251 1431 414 1476 conversus
450 1409 653 1494 cogitationes
686 1408 827 1493 disponat
861 1420 953 1496 atque
989 1428 1173 1498 componat3
1210 1416 1249 1480 ab

136 1518 340 1582 humanarum
370 1536 474 1578 rerum
509 1513 604 1578 turbis
634 1525 785 1589 semotus,
817 1516 905 1578 coelo
933 1518 1026 1581 stellis
1056 1520 1248 1606 fulgentibus

135 1624 297 1697 distincto,
329 1622 422 1684 unico
452 1641 553 1704 eoque
575 1620 644 1682 satis
668 1619 780 1683 idoneo
808 1622 940 1695 comite,
972 1624 1106 1709 cogitata
1134 1648 1248 1711 expro-

137 1741 215 1806 mat3
235 1728 359 1800 animo,
390 1725 455 1790 sine
481 1727 525 1788 ira
546 1724 729 1809 studioque,
760 1748 806 1788 res
824 1725 939 1790 divinas
959 1739 988 1790 et
1007 1728 1153 1793 humanas
1171 1752 1246 1795 eon-

129 1834 320 1918 -templetur;
337 1827 487 1916 -¹quam
511 1821 672 1918 ιεὐφρόνη,
696 1829 775 1892 illud
793 1831 914 1894 beatum
939 1832 1098 1896 beatarum
1121 1835 1246 1899 illarum

135 1939 299 2024 regionum
322 1948 463 2021 tempus,
491 1956 554 2020 quo
587 1936 755 2018 pellectus,
786 1936 877 2000 etiam
903 1938 1024 2001 Gellius
1051 1962 1141 2003 suum
1169 1962 1246 2026 opus

134 2046 261 2109 nomine
282 2044 453 2107 Atticarum
477 2042 625 2105 noctium·
639 2041 809 2126 insignivit.
857 2042 889 2104 Si
921 2054 1045 2132 autem,
1065 2045 1164 2110 verbis
1184 2047 1246 2111 suis

133 2150 369 2222 convenienter,
406 2170 481 2232 opus
504 2168 594 2210 suum
627 2145 666 2208 de
693 2147 810 2210 Rerum
840 2157 971 2222 natura,
1003 2148 1094 2232 cujus
1116 2151 1244 2216 materia

133 2257 211 2320 edeo
251 2266 379 2320 naturae
420 2253 560 2346 placidae
597 2263 692 2335 atque
725 2251 851 2315 sublimi
890 2265 954 2316 erat
993 2257 1243 2333 accommodata,

130 2373 233 2425 noctu
264 2360 446 2447 perpendit,
470 2359 652 2431 elaboravit,
686 2357 859 2443 composuit
889 2367 996 2443 potita3
1022 2359 1095 2445 quid
1124 2363 1239 2439 obstat,

133 2470 301 2556 quominus
328 2479 359 2531 ct
389 2465 444 2529 bic
472 2487 527 2549 per
558 2455 730 2527 rationem
764 2467 875 2528 noetis·
906 2465 1082 2568 significqre
1109 2469 1242 2532 voluerit

133 2576 243 2638 mentis
267 2573 461 2659 perspicuam
492 2581 771 2656 penetrantemque
790 2571 1041 2647 meditationem,
1066 2593 1160 2656 quam
1181 2595 1242 2639 nox

126 2679 274 2755 excitat,
309 2680 354 2743 sel
382 2679 414 2742 in
440 2677 550 2742 animis
576 2677 702 2741 rudibus
728 2676 868 2763 adeoque
893 2677 1017 2742 sanitati
1036 2680 1242 2764 perturbatio·

128 2808 207 2849 num
242 2785 312 2849 totis
345 2783 483 2848 deditis?
542 2783 610 2846 Huc
639 2783 731 2845 etiam
770 2793 909 2867 spectant
939 2786 1241 2862 versusdl‘l-lil,

132 2890 244 2977 quibus
269 2890 401 2953 innuere
429 2889 550 2952 videtur
576 2887 738 2951 Lueretius
769 2909 800 2951 se
834 2888 945 2951 frustra
974 2900 1120 2952 conatum
1149 2889 1242 2956 luisse

129 2998 366 3061 innumerarum
394 2995 461 3059 illas
490 2995 665 3058 animorum
699 2993 906 3057 bumanorum
926 2994 1169 3059 differentiarum
1191 3018 1243 3061 va·

132 3103 340 3187 rietaturnque
362 3122 468 3165 causas
498 3100 662 3182 indagare3
693 3101 783 3181 cujus
811 3099 909 3164 delusi
932 3099 1102 3164 conaminis
1128 3122 1242 3166 conso-

130 3209 277 3273 lationem
305 3208 442 3270 sersibus
464 3207 558 3270 320-
571 3207 615 3267 23
634 3227 729 3290 purus
747 3211 855 3290 poe‘tae
874 3206 996 3270 animus
1020 3206 1168 3290 praebere
1188 3229 1241 3272 co-

130 3315 223 3399 gitur.

175 3420 234 3482 llio
266 3419 431 3504 igiturest
458 3441 562 3482 sensus
591 3419 702 3483 borum
731 3441 872 3483 versuum
904 3418 1098 3509 (320-23).

176 3547 192 3587 »
203 3525 350 3605 Quamvis
375 3525 470 3588 animi
499 3526 676 3600 meditatio,
702 3537 794 3590 noete
818 3527 898 3591 clara
927 3527 1055 3591 excitata
1078 3540 1107 3590 et
1128 3528 1242 3611 purifi·

124 3643 217 3708 eata,
246 3632 368 3716 vestigia
395 3633 497 3694 omnia
530 3632 625 3696 animi
653 3643 707 3696 aut
735 3633 826 3696 nimis
854 3632 957 3716 agitati
987 3642 1040 3694 ant
1068 3632 1159 3696 nimis
1186 3632 1239 3697 de·

130 3738 222 3824 pressi
252 3739 385 3822 nequeat
415 3737 539 3814 delere,
560 3737 637 3801 haec
666 3747 769 3800 tamen
793 3737 917 3822 vestigia
937 3737 1014 3800 adeo
1037 3739 1164 3822 parvula
1192 3761 1241 3804 re·

129 3857 256 3908 manent
295 3845 327 3906 in
357 3844 460 3906 animo
499 3845 555 3906 viri
586 3843 695 3908 ardore
725 3843 858 3906 veritatis
891 3844 1072 3928 virtutisque
1099 3845 1236 3923 incitati,

128 3963 162 4013 ut
191 3951 292 4035 ipsum
317 3972 380 4012 non
407 3950 593 4034 impediant,
632 3951 710 4034 quin
742 3950 799 4013 diis
835 3949 963 4035 dignam
1004 3962 1075 4036 agat
1112 3951 1239 4016 vitam.'’

127 4049 318 4119 Tenendum
339 4056 466 4120 omnino
494 4055 673 4120 Lucretium
702 4055 748 4119 his
779 4055 951 4140 praeceptis
989 4055 1047 4120 hoc
1081 4055 1138 4120 sibi
1168 4080 1241 4142 pro·
1337 4087 1340 4092 ·

128 4162 283 4248 posuisse,
319 4173 354 4225 ut
384 4161 525 4226 homines
558 4160 698 4226 docendo
733 4172 763 4226 et
797 4162 968 4226 excolendo
1001 4162 1239 4254 ad'puritatem

126 4268 221 4331 animi
264 4265 431 4333 adduceret
465 4289 547 4353 quae
583 4269 665 4354 ipsos
702 4267 829 4332 idoneos
866 4268 1005 4331 redderet
1037 4265 1076 4329 ad
1112 4251 1237 4332 beatum

128 4373 278 4459 agendam
302 4376 411 4454 vitam;
437 4375 478 4439 ita
511 4388 546 4440 ut
568 4398 653 4460 quoe
676 4377 771 4438 ratio
788 4384 930 4459 nequeat
948 4371 1112 4457 depellere
1129 4377 1239 4437 noetis

128 4478 185 4544 sibi
212 4481 324 4546 velint:
350 4502 431 4565 quae
454 4481 617 4566 prudentia
646 4503 714 4546 mea
738 4480 887 4556 consilia,
912 4489 1004 4545 nocte
1027 4479 1155 4543 excitata
1178 4503 1238 4545 ne-
