2874 5048
736 351 785 427 44

165 635 169 642 ,
207 558 323 623 tionem
356 554 519 620 hominum
549 565 609 620 etc.
650 554 808 637 explicant
846 575 902 638 per
939 555 1168 640 principiorum
1208 577 1317 622 sensus

209 675 353 728 mutatos.
401 661 511 747 Neque
535 671 637 724 tamen
666 679 739 723 cum
764 657 824 724 hac
853 660 1060 744 explicatione
1080 675 1201 749 pugnat
1226 683 1318 727 versu

208 765 397 835 castenio
426 767 615 851 optimorum
656 765 801 830 codicum
841 767 948 830 aienti
978 766 1143 854 denique.-
1183 779 1320 854 ponatur

207 874 290 940 enim
320 895 441 938 comma
480 885 549 957 post
586 871 809 936 conveniendo
845 883 877 936 et
914 873 1129 958 intelligatur:
1174 873 1318 938 homines

207 991 347 1044 armenta
377 979 462 1042 ferae
496 978 617 1052 nullam
650 999 714 1040 rem
754 989 878 1061 possent
906 975 1059 1064 gignere,
1093 980 1185 1044 sicuti
1202 991 1317 1044 ‘tamen

209 1085 346 1172 denique
368 1082 401 1172 (i.
428 1106 456 1150 e.
474 1096 509 1148 ut
525 1085 674 1148 ultimum
693 1093 913 1169 argumentum
932 1081 1129 1170 adjiciamus)
1149 1086 1316 1162 sentimus,

178 1235 181 1242 -
208 1191 347 1256 sensibus
374 1191 586 1275 percipimus,
618 1190 680 1252 imo
709 1189 848 1252 sensibus
870 1201 904 1252 ut
935 1190 1146 1275 percipiamus
1185 1211 1312 1255 necesse

118 1361 124 1372 ,
209 1307 264 1364 est.
312 1295 373 1359 Sed
401 1295 539 1360 nondum
572 1306 675 1360 tamen
703 1295 814 1378 liquet.

253 1407 286 1480 2,
299 1402 365 1466 928
385 1404 418 1464 ds
438 1404 493 1466 29.
541 1401 683 1466 Vossiani
703 1399 820 1464 habent
843 1397 1019 1483 offeram,
1041 1401 1252 1468 undeluheus
1271 1404 1319 1466 le-

208 1507 328 1592 gerim:
351 1528 539 1592 vermesque
572 1505 611 1567 ot
643 1504 786 1590 fervere·
808 1517 957 1582 terrum,
982 1507 1210 1591 praepositione
1232 1519 1317 1590 post·

169 1663 172 1666 .
207 1613 329 1698 posita,
364 1611 448 1675 uude
496 1635 551 1675 vsu
585 1613 651 1676 929
692 1623 771 1676 esset
800 1611 1001 1676 scribendum
1041 1634 1164 1698 qnam,
1200 1610 1261 1700 (Y,
1292 1615 1317 1676 Z

208 1739 324 1806 quem,
346 1718 440 1782 Forh.
463 1713 586 1804 quum).
636 1719 682 1781 Ita
699 1719 797 1804 magis
827 1719 1021 1782 conveniunt
1060 1740 1148 1782 >roeo
1178 1719 1257 1782 verti
1282 1719 1322 1782 in

205 1825 309 1910 pullos
334 1822 429 1910 (927)
444 1827 476 1901 ,'’
499 1843 517 1884 »
530 1834 660 1886 terram
679 1823 800 1886 fervere
822 1823 980 1886 vermibus
994 1819 1123 1910 (928).”
1143 1877 1146 1882 .
1170 1825 1318 1904 Quamvis
1341 1837 1343 1840 ’

205 1931 358 2014 fervere,
387 1952 433 1996 vs.
465 1933 503 1993 41
530 1928 622 2013 hujus
646 1929 716 1993 libri
730 1957 740 2004 ,*
761 1928 800 1992 de
824 1952 878 2006 re,
903 1951 984 2016 quae
1009 1930 1041 1992 in
1064 1931 1135 1994 loco
1155 1941 1317 2006 versatur,

208 2037 327 2100 dictum
360 2048 425 2111 est,
459 2033 537 2098 nihil
571 2046 683 2098 tamen*
700 2034 820 2111 obstat,
855 2037 1022 2122 quominus
1055 2047 1085 2099 et
1127 2037 1192 2120 ipse
1229 2037 1317 2100 locus

211 2143 265 2206 tali
286 2143 538 2228 frequentatione
559 2142 701 2218 fervere,
725 2140 855 2218 ardere,
878 2139 1013 2227 flagrare
1042 2141 1186 2218 dicatur,
1213 2142 1258 2205 uti
1286 2153 1318 2204 et

211 2248 243 2311 iu
267 2247 457 2312 Graecis-et
486 2248 519 2310 in
552 2247 667 2311 Latinis
698 2248 850 2312 sexcentis
871 2248 1039 2331 ¹exemplis
1076 2247 1238 2332 probatur.

255 2359 286 2433 2,
301 2358 470 2421 937-62.
519 2355 613 2418 Totus
633 2354 685 2418 hic
703 2356 790 2420 locus
823 2355 918 2420 etuti
947 2355 1094 2419 scribitur
1128 2366 1158 2418 et
1188 2355 1234 2418 uti
1264 2375 1316 2417 ex·

212 2461 322 2548 plicari
340 2461 438 2537 solet,
470 2483 529 2524 nec
558 2460 704 2526 cohaeret
728 2483 802 2527 cunr
838 2443 1094 2526 antecedentibus
1119 2472 1150 2524 et
1183 2481 1318 2545 sequen-

158 2585 161 2590 ’
208 2569 313 2643 tibus,
339 2589 398 2631 nec
420 2568 501 2630 inest
528 2568 556 2630 ei
580 2589 686 2631 sensus
711 2567 904 2652 probabilis,
930 2568 990 2630 nec
1014 2566 1152 2653 denique
1183 2565 1318 2630 auctori·

210 2684 273 2737 tate
297 2672 441 2736 codicum
470 2673 684 2739 confirmatur.

255 2780 324 2843 Non
350 2779 497 2844 cohaeret
526 2803 599 2844 cum
628 2776 901 2858 antecedentibus,
934 2799 1006 2843 nam
1032 2776 1097 2842 hiat
1131 2779 1229 2842 oratio
1263 2784 1316 2842 vsu

211 2887 275 2950 237
295 2887 526 2970 principiom:
553 2898 736 2972 nequeunt3
770 2909 873 2973 neque
905 2887 983 2965 erit,
1005 2883 1122 2962 credo,
1141 2905 1236 2971 quem
1255 2905 1317 2948 non

210 2990 347 3056 offendat
377 2993 478 3055 subita
509 2993 565 3055 illa
595 2994 634 3055 ab
657 2993 778 3055 infinita
802 2993 942 3056 oratione
973 2989 1052 3078 (935
1074 2993 1149 3057 &6
1181 2990 1248 3054 fieri
1274 3023 1319 3039 -·

212 3095 412 3183 commutari)
447 3097 484 3161 ad
517 3097 636 3162 finitam
682 3095 871 3185 (nequeunt)
915 3098 1136 3183 transgressio,
1170 3097 1236 3160 sine
1267 3116 1319 3159 co·

213 3203 289 3289 pubi
323 3203 390 3266 utta
429 3203 587 3282 instituta3
624 3226 685 3268 nec
718 3217 803 3288 patet
842 3195 1089 3292 quomodove.
1129 3204 1196 3266 944
1227 3224 1317 3289 sqq.,

213 3305 392 3371 immediate
408 3307 557 3385 saltem,
582 3309 700 3392 possint
723 3309 827 3373 facere
857 3308 896 3371 ad
928 3307 1104 3392 probandos
1146 3327 1319 3370 non-sen·

214 3437 265 3477 sus
287 3411 539 3496 principiorum,
572 3415 605 3477 in
635 3414 750 3501 quibus
790 3413 984 3479 illustrandis
1022 3414 1166 3500 pergitur
1195 3411 1317 3475 iude‘a

215 3522 291 3586 963.
320 3541 322 3546 ·

257 3627 367 3712 Neque
387 3648 492 3690 sensus
515 3615 616 3706 inest,
641 3627 803 3691 doctrinae
827 3627 963 3692 Lucretii
995 3638 1104 3712 aptus,
1137 3645 1213 3710 prae
1233 3636 1320 3689 cetc-

213 3733 255 3796 ris
281 3734 382 3796 rersui
402 3735 465 3798 941
491 3755 670 3821 congresso
691 3733 805 3812 modo,
827 3734 849 3800 i.
881 3756 909 3800 e.
931 3735 956 3796 si
986 3730 1203 3796 tantummodo
1243 3751 1321 3794 con-

213 3853 317 3925 gressa
338 3837 395 3915 sit;
417 3861 510 3914 nam,
533 3862 594 3905 sec.
617 3841 790 3924 Epicurum
810 3851 841 3903 et
870 3839 1071 3916 Lucretium,
1095 3836 1232 3900 maxime
1249 3857 1322 3898 con·

210 3963 351 4030 gressus
382 3956 412 4008 et
447 3946 631 4010 concilium
663 3944 804 4009 efficiunt
845 3957 881 4008 ut
918 3967 968 4008 res
1006 3943 1132 4027 capiant
1173 3961 1317 4015 sensum,

212 4049 259 4113 uti
283 4048 461 4114 luculenter
489 4063 575 4137 patet
606 4062 637 4114 ct
667 4071 703 4114 ex
726 4061 789 4114 tota
829 4050 971 4114 doctrina
998 4061 1029 4112 et
1060 4070 1089 4113 v.
1112 4069 1144 4133 g.
1173 4069 1210 4111 ex
1230 4046 1336 4112 versi-,

212 4152 436 4219 bus1004-9.

258 4260 369 4346 Neque
393 4261 547 4345 scriptura
580 4282 726 4325 versuum
757 4261 887 4326 937-43
909 4260 1019 4324 nititur
1052 4257 1213 4322 codicibus
1239 4257 1323 4342 opti-

212 4367 289 4442 mis,
327 4367 382 4451 qui
410 4389 455 4434 vs.
478 4370 543 4434 937
562 4367 740 4453 principio
763 4365 912 4432 exhibent
933 4378 964 4430 et
988 4387 1054 4430 ssu.
1075 4367 1135 4429 941
1169 4384 1228 4448 pro
1249 4384 1325 4426 con-

215 4471 398 4551 venientes,
410 4467 616 4539 chavenienti
636 4472 951 4562 (ut-llavorcampius
972 4472 1067 4536 tacite
1080 4469 1120 4534 de
1144 4471 1225 4546 suis,
1237 4470 1324 4534 ham-
