2920 5044
765 337 809 398 {2

220 535 333 622 quibus
365 532 499 618 denique
520 529 630 596 addere
662 529 753 614 possis
784 539 903 592 textum
935 528 987 593 bic
1016 532 1079 595 illic
1101 545 1281 620 corruptum
1297 547 1330 600 et

219 640 418 714 mutilatum,
443 637 482 701 ad
503 637 592 720 cujus
612 637 843 711 tractationem,
864 647 899 700 ut
919 639 1100 721 primarium
1119 637 1333 706 dissertationis
1374 675 1377 679 ·

221 746 427 832 propositum,
441 763 538 823 ‚nunc
562 742 724 817 transsilio,
744 742 875 805 severius
890 744 990 806 multo
1011 755 1041 808 ct
1062 747 1182 810 cautius
1205 760 1332 814 curatu-

221 875 289 930 rus,
310 873 349 914 ne
365 850 404 914 de
426 849 485 914 hac
508 851 613 913 saltem
637 848 734 912 valeat
756 849 921 913 Horatii
943 849 1039 915 illud:

279 1075 283 1082 ·
312 1055 536 1140 Purpureus,
558 1054 626 1117 late
648 1056 710 1139 qni
732 1053 928 1139 splendeat,
953 1077 1042 1119 unca
1063 1067 1095 1118 et
1117 1057 1208 1121 ulter

312 1160 490 1225 Adauitnr
503 1182 654 1246 ponnus.
681 1162 738 1211 -s
819 1177 820 1180 ’
852 1244 857 1256 1

684 1439 864 1453 ψ

451 1633 1098 1722 ΑΝΝΟΤΑΤΙΟ.

528 1861 612 1923 ΑΒ
662 1863 934 1926 LIBRUM
982 1863 1009 1922 Ι.

728 2103 816 2124 -ο-

266 2319 371 2395 1,191
396 2319 428 2380 do
452 2320 483 2380 2.
530 2316 674 2399 Forhiger
702 2334 777 2378 cum
810 2314 996 2380 Eichst'adtio
1037 2317 1193 2402 vulgatam
1222 2316 1327 2380 lectio·

220 2445 290 2488 nem
326 2445 343 2486 u
357 2423 612 2509 crescundoque”
638 2422 748 2486 retinet
773 2420 864 2488 codd.
898 2423 1040 2490 omnibus
1055 2421 1325 2499 reclamantibus,

222 2531 277 2617 qui
315 2529 480 2594 exhibent:
528 2538 786 2613 »crescentesque
798 2532 830 2605 ,’'
874 2550 944 2595 nam
989 2527 1074 2616 quod
1114 2551 1149 2618 er
1187 2527 1328 2591 Lambini

219 2638 341 2701 silentio
380 2638 535 2721 vulgatam
576 2634 691 2698 edentis
733 2633 909 2712 concludit,
946 2657 1018 2700 eum
1057 2637 1110 2698 in·
1132 2637 1192 2698 suis
1235 2632 1326 2700 codd.

223 2742 411 2832 (Bertiniano
443 2741 619 2828 praesertim
655 2751 685 2832 et
720 2739 917 2828 Memmiano)
952 2741 1099 2805 invenisse
1133 2737 1328 2804 crescendo·

220 2872 302 2936 que,
337 2850 385 2914 rol
426 2847 499 2912 inde
540 2869 647 2932 parum
674 2846 831 2932 probabile
859 2859 923 2923 est,
956 2846 1040 2934 quod
1077 2847 1200 2910 illorum
1236 2844 1326 2911 codd.

219 2956 383 3032 lectiones,
408 2953 538 3018 subinde
561 2975 579 3016 a
601 2953 750 3017 Lambino
772 2964 973 3031 memoratae,
998 2954 1195 3017 arctissimam
1215 2951 1328 3016 horum

218 3083 292 3126 cum
315 3061 354 3128 G.
379 3062 418 3125 Y.
441 3062 475 3124 Z.
500 3060 710 3124 demonstrant
730 3059 1004 3136 necessitudinem,
1030 3059 1112 3124 unde
1135 3071 1217 3123 recte
1251 3080 1325 3123 cum

219 3169 368 3254 Madvigio
402 3179 515 3233 statues
537 3189 587 3230 cos
620 3189 725 3231 omnes
747 3189 782 3231 ex
819 3188 882 3230 uno
913 3169 997 3231 lonte
1029 3167 1224 3251 profluxisse.
1261 3166 1326 3230 Nec

218 3286 322 3338 tamen
346 3275 451 3359 negari
478 3285 577 3358 potest
611 3275 688 3359 quin
722 3285 968 3359 crescentesque
1006 3273 1072 3362 (per
1105 3275 1223 3359 synesin
1255 3273 1328 3338 sub·

218 3380 374 3443 intellecto
397 3375 465 3464 rea)
495 3379 570 3443 dure
596 3379 647 3443 hic
677 3391 810 3464 ponatur
829 3382 908 3444 inter
938 3379 1122 3464 praecedens
1146 3383 1260 3444 omnic
1296 3391 1328 3443 et

217 3486 404 3571 subsequens
428 3507 596 3572 quaeque,
619 3487 661 3549 ita
686 3496 742 3564 ut,
763 3487 902 3572 quamvis
936 3486 1113 3571 elegantem
1129 3496 1226 3573 atque·
1245 3486 1326 3572 poli-

218 3605 281 3657 tam
309 3593 534 3677 compositionis
566 3593 694 3655 lormam
724 3615 788 3680 qua
811 3593 1031 3678 subsequentes
1059 3605 1165 3678 poetae
1196 3615 1250 3659 nos
1282 3596 1326 3657 al-

220 3701 347 3775 liciant,
371 3701 403 3763 in
426 3700 567 3764 Lucretio
600 3699 768 3778 desideres,
797 3701 863 3763 talis
890 3697 1042 3762 ‚ruditatis
1072 3701 1129 3764 nisi
1161 3699 1257 3764 firmis
1280 3723 1327 3764 ar-

220 3805 373 3893 gumentis
404 3806 512 3881 nixus,
544 3817 681 3870 nostrum
712 3805 918 3871 condemnare
938 3807 985 3868 vir
1015 3805 1136 3872 audeas.

264 3912 366 3975 Primo
386 3911 499 3975 obtutu
529 3915 635 3997 augeri
659 3911 777 3978 videtur
799 3913 984 3989 difficultas,
1006 3910 1090 3998 quod
1116 3912 1149 3974 in
1169 3933 1254 3976 versu
1275 3932 1326 3975 se-

219 4020 328 4106 quenti
350 4041 406 4103 pro
426 4041 573 4104 quaeque
607 4018 647 4087 G.
677 4019 717 4084 Y.
742 4021 777 4083 Z.
799 4019 945 4084 exhibent
975 4021 1137 4105 quicque,
1173 4018 1224 4083 sed
1253 4018 1328 4083 binc

218 4125 265 4189 ria
298 4125 482 4189 emendandi
515 4125 682 4210 probabilis
711 4137 898 4190 monstratur
925 4125 1077 4212 legendo:

288 4339 540 4423 Crescentisqnc
555 4359 666 4425 genua
687 4349 848 4416 servunt3
882 4349 922 4401 ut
944 4359 1076 4402 noscere
1103 4340 1235 4422 poecis,

289 4445 442 4531 Quicque
465 4466 527 4507 rua
549 4442 588 4509 dc
610 4447 760 4511 materia
792 4444 1016 4535 grandescere
1047 4445 1173 4529 ulique.
