2920 5044
750 339 773 402 8

207 540 412 626 superioribus
453 537 601 624 gymnasii
634 535 778 601 classibus
813 546 910 619 potest
942 535 1044 600 doceri
1080 533 1149 624 (l),
1189 549 1317 624 systema

206 645 361 734 quoddam
392 642 621 730 philosophiae,
662 639 777 705 nedum
813 639 1038 727 philosophicas
1071 645 1317 722 exercitationes,

206 775 268 816 non
290 774 373 837 posse
397 749 536 813 adhiberi
559 748 761 812 certissimum
785 757 839 810 est.
1337 749 1340 754 '

249 859 358 943 Neque
391 847 473 920 enirn
510 867 625 919 tantam
659 854 836 928 materiam,
881 841 990 940 neque
1016 865 1130 920 tantam
1162 855 1318 941 cogitandi

204 964 422 1049 perfectionem
453 962 527 1036 sibi,
560 963 591 1023 in
621 960 779 1045 gymnasio
811 971 979 1038 versantes,
1009 960 1140 1045 juvenes
1163 962 1209 1026 rel
1233 963 1318 1026 acuti

204 1077 442 1154 compararunt,
476 1077 592 1153 quanta
623 1067 805 1152 cognitionis
834 1068 941 1150 copia,
977 1078 1130 1153 qnantum
1161 1067 1317 1153 cogitandi

136 1186 145 1201 '
204 1187 336 1242 acumen
369 1175 534 1260 requiritur
564 1176 596 1236 in
630 1194 687 1251 eo,
721 1173 775 1258 qui
805 1193 930 1257 sapere,
960 1194 1021 1237 non
1045 1172 1173 1237 delirare
1192 1175 1263 1260 velit
1285 1174 1317 1238 iu

202 1280 405 1368 philosophia.
450 1281 481 1344 Si
506 1301 597 1364 ergo,
633 1289 668 1341 ut
692 1295 867 1363 persuasum
892 1278 969 1342 mihi
990 1277 1111 1357 haheo,
1144 1302 1220 1364 opus
1252 1291 1315 1357 est,

203 1401 238 1452 ut
255 1388 322 1472 jam
344 1389 378 1450 in
401 1388 557 1472 gymnasio
577 1385 726 1468 juvenes,
749 1383 829 1448 duce
851 1386 947 1470 perito
968 1384 1112 1461 doctore,
1137 1389 1316 1471 praecipuas

202 1496 267 1558 illas
301 1493 339 1557 de
368 1491 560 1578 philosophia
595 1491 770 1576 opiniones,
806 1493 952 1577 quaein
983 1493 1041 1555 rita
1071 1493 1175 1556 sociali
1200 1493 1317 1558 animos

202 1601 337 1686 agitant,
369 1609 577 1684 cognoscant3
608 1598 767 1681 scriptores
801 1596 996 1680 philosophos
1029 1608 1165 1661 veterum
1186 1599 1315 1682 optimas

202 1707 314 1770 talibus
337 1702 638 1788 philosophematum
662 1703 875 1787 experimentis
902 1713 932 1765 et
962 1704 1180 1787 speciminibus
1204 1725 1316 1788 oppor-

201 1814 365 1885 tunitates,
394 1811 426 1872 in
453 1811 556 1895 primis
590 1810 813 1872 Platonem
843 1820 872 1871 et
903 1809 1170 1883 Ciceronem,
1195 1809 1311 1892 etjam

126 1979 141 1992 ,
201 1919 374 2005 praebuisse
399 1927 431 1979 et
453 1918 485 1979 iu
509 1926 662 2000 posterum
687 1915 877 1999 praebituros
902 1936 964 1978 esse
987 1918 1121 2001 quisque
1145 1915 1235 1979 ridet.

247 2023 308 2088 Sed
330 2021 449 2087 accedit
470 2022 554 2085 aliud
574 2043 637 2085 non
661 2025 742 2106 parri
768 2023 925 2085 momenti.

248 2130 386 2211 Quantos
417 2127 490 2194 inde
518 2150 535 2190 a
566 2127 629 2191 fine
661 2131 792 2191 maxime
824 2130 977 2213 praeteriti
1003 2130 1117 2193 saeculi
1133 2121 1325 2216 'progressus'

202 2238 350 2312 fecerint,
382 2246 412 2299 et
443 2237 474 2297 in
505 2233 622 2298 theoria
651 2245 682 2298 et
710 2235 841 2298 maxime
863 2236 896 2298 in
918 2236 1019 2320 praxi,
1043 2237 1208 2312 scientiae,
1231 2257 1312 2321 quae

200 2343 233 2406 in
256 2365 366 2429 genere
390 2340 537 2405 dicuutur
557 2343 731 2420 naturales,
756 2341 833 2405 adeo
861 2353 904 2406 est
938 2353 1114 2427 expertum,
1150 2354 1184 2406 ut
1206 2342 1312 2406 dixisse

135 2532 138 2538 ι
201 2451 343 2514 sufficiat.
391 2449 555 2533 Propterea
578 2450 714 2524 nemini,
740 2449 904 2512 liberaliter
925 2451 1080 2523 instituto,
1110 2451 1201 2533 plane
1223 2450 1312 2536 igno·

202 2567 250 2619 tae
273 2555 387 2618 dehent
404 2577 466 2618 esse
487 2553 545 2617 hae
568 2556 722 2618 scientiae.
770 2556 888 2618 Horum
908 2557 1058 2619 elementa
1073 2554 1140 2639 jam
1168 2557 1201 2619 in
1221 2555 1311 2619 scho-

201 2661 236 2724 lis
258 2672 330 2724 sunt
347 2658 492 2742 jacienda
521 2669 551 2721 et
580 2661 757 2743 praesertim
783 2660 908 2746 quidem
941 2661 995 2736 iis,
1025 2681 1160 2745 quornm
1190 2660 1310 2738 studia,

200 2778 236 2831 ut
263 2769 295 2830 in
325 2767 434 2829 futuris
464 2764 705 2849 jurisconsultis,
735 2765 904 2852 theologis,
947 2768 1103 2830 literarum
1134 2765 1311 2832 doctoribus

200 2873 330 2949 accidit,
355 2873 451 2956 magis
470 2872 510 2934 ab
531 2872 614 2935 hisce
636 2871 767 2935 scientiis
790 2863 862 2936 sunt
882 2873 982 2935 aliena
1001 2873 1115 2935 lutura.

244 2980 369 3043 Praeter
396 2979 564 3063 peculiares
597 2988 702 3041 autem
735 2978 774 3041 de
800 2976 911 3041 harum
933 2980 1129 3043 scientiarum
1151 2979 1243 3042 initiis
1263 2979 1311 3041 in·

198 3087 367 3162 stitutiones
395 3085 491 3169 magis
524 3085 682 3170 magisque
722 3083 767 3147 his
797 3085 868 3170 ipsis
898 3086 984 3148 annis
1018 3087 1050 3148 in
1080 3084 1177 3170 patriis
1211 3094 1311 3148 nostra

161 3349 164 3356 .
233 3305 274 3369 (1)
310 3304 338 3354 Si
356 3305 425 3352 enim
444 3304 529 3366 logica
549 3310 587 3352 est
608 3304 715 3352 scientie
730 3305 775 3351 τοῦ
790 3306 904 3368 cogitare
921 3304 998 3368 et'que
1018 3305 1068 3353 hoe
1090 3305 1138 3353 sibi
1156 3304 1233 3352 hebet
1249 3301 1310 3367 p'ro·

198 3390 322 3454 positum,
336 3393 365 3435 ut
378 3387 473 3435 formas
489 3394 565 3449 atque
581 3371 693 3451 origines
707 3389 850 3452 cogitandi,
866 3390 932 3438 etin
947 3388 1139 3451 simplicissimis
1152 3388 1215 3436 etin
1227 3387 1310 3435 mexi-

197 3487 238 3522 me
256 3471 403 3534 compositis
420 3471 631 3532 cogitationibus,
652 3472 728 3534 plene
748 3473 915 3535 distincteque
934 3478 1062 3534 exponat3
1080 3478 1156 3535 atque
1174 3472 1196 3518 si
1214 3471 1241 3518 in
1256 3469 1310 3518 ani·

196 3571 239 3605 mo
255 3554 346 3619 quovis
363 3554 490 3613 humano,
508 3553 549 3601 vel
567 3568 657 3616 parum
674 3555 758 3616 culto,
777 3570 865 3604 omnes
882 3555 931 3604 hae
948 3555 1059 3614 formae,
1079 3555 1229 3618 syntheses,
1248 3569 1309 3603 ane·

196 3639 279 3703 lyses,
296 3637 352 3700 jam
376 3638 480 3696 insunt,
501 3636 577 3699 idque
599 3637 703 3701 quidem
724 3639 883 3697 necessario,
901 3639 938 3687 ite
958 3645 988 3686 ut
1007 3637 1090 3700 quiris
1107 3638 1200 3697 homo,
1220 3637 1253 3685 ed
1267 3637 1310 3700 ju·

195 3722 307 3772 senilem
323 3727 432 3770 oetatem
449 3727 597 3782 provectus,
616 3722 643 3771 in
663 3736 690 3770 se
707 3723 762 3785 ipse
784 3722 877 3771 habeat
901 3721 1050 3781 materiem,
1069 3735 1134 3784 quae
1147 3721 1180 3768 ed
1199 3721 1310 3782 logicam

196 3803 388 3869 percipiendam
408 3801 557 3864 requiritur,
580 3809 651 3866 patet
674 3805 835 3867 superiorum
856 3810 924 3852 certe
945 3804 1065 3852 classium
1083 3803 1235 3866 discipulos,
1253 3803 1310 3852 dili-

195 3887 266 3951 genti
290 3885 472 3950 grammaticae
497 3887 696 3948 pertractatione
722 3888 916 3937 abstractiorum
936 3887 1067 3950 cogitandi
1090 3886 1233 3934 formarum
1251 3886 1309 3948 jem

195 3985 249 4020 non
269 3969 345 4032 piune
364 3973 483 4031 ignaros,
503 3970 599 4032 optime
617 3970 729 4032 logicam
745 3985 821 4034 posse
841 3972 942 4030 doceri,
966 3970 1045 4019 modo
1065 3971 1135 4033 ipse,
1155 3970 1200 4032 qui
1218 3971 1308 4032 docet,

195 4059 355 4116 perspectum
377 4052 426 4100 sibi
455 4058 480 4101 et
505 4060 679 4116 comparatam
700 4054 794 4102 habeat
820 4055 969 4114 seientiam,
996 4068 1074 4117 quam
1098 4053 1155 4102 aliis
1175 4053 1309 4116 perspicue

196 4151 223 4187 se
246 4135 345 4185 medere
370 4149 445 4197 posse
470 4135 612 4198 profitetur.
650 4134 678 4185 Si
699 4137 830 4186 universus
851 4138 951 4201 logicae
974 4138 1085 4187 ambitus
1110 4137 1185 4186 nimis
1205 4137 1308 4200 amplus
1341 4192 1350 4210 ⁶

195 4235 251 4271 esse
271 4219 401 4278 videatur,
421 4218 492 4281 prior
511 4225 579 4268 certe
603 4233 663 4282 pers
678 4222 781 4270 tractari
798 4227 896 4284 potest,
915 4236 980 4284 quoe
998 4219 1097 4270 scilicet
1116 4221 1147 4269 de
1170 4219 1308 4269 formandis

194 4303 341 4354 notionibus
356 4315 495 4364 earumque
514 4316 571 4350 curu
590 4302 748 4366 simplicibus
769 4299 1046 4369 repraesentationibus
1067 4303 1209 4353 rationibus
1228 4302 1308 4366 (judi-

196 4390 240 4437 oiis
259 4383 427 4450 syllogismis)
444 4385 504 4446 agit.
