2920 5044
685 337 733 402 59

195 531 260 594 Nec
282 549 344 610 non
366 526 415 590 bic
437 527 521 590 locus
544 525 661 588 laborat
684 525 872 610 imprudenti
896 528 1045 605 uorandi,
1071 541 1101 594 et
1124 517 1262 616 ἀκρίτως
1337 522 1340 530 ’

151 637 293 700 criticum
325 631 436 718 agendi
465 631 622 716 cupidine.
675 630 798 696 Codices
831 634 934 710 enim,
966 636 1004 699 de
1037 637 1150 723 quibus
1184 643 1263 698 tacet

150 741 315 825 Forbiger‚
339 737 456 801 babent
476 739 627 812 viscera,
651 739 719 800 solis
737 739 869 821 exceptis
895 741 977 807 Voss.
1002 763 1063 806 rar.
1087 742 1147 805 lect
1172 739 1262 828 (qua-

151 869 220 916 rum
245 846 399 909 tamenin
422 844 512 907 unius
543 843 647 906 literae
669 844 700 905 iu
726 843 826 908 medio
849 844 999 910 vocabulo
1021 847 1179 909 omissione
1203 867 1264 907 au-

150 955 320 1019 ctoritatem
343 971 465 1034 parram
490 971 551 1012 esse
574 949 705 1034 quisque
730 951 854 1033 peritior
874 950 1049 1038 concedet).

195 1061 269 1123 lure
302 1057 479 1142 postliminii
516 1055 619 1118 redeat
653 1059 779 1119 viscere
811 1059 841 1120 in
878 1079 969 1122 suum
1001 1060 1114 1122 locum.
1162 1057 1264 1120 Primo

151 1167 234 1230 onim
266 1166 315 1228 ins
333 1175 455 1247 recepta
480 1162 552 1226 inde
574 1164 613 1225 ab
635 1163 857 1247 Harorcampio
880 1165 1011 1228 lectione
1035 1163 1161 1228 offendit
1183 1184 1265 1247 qno-

152 1273 206 1334 cis
224 1291 335 1356 genere
356 1269 541 1346 masculin03
559 1268 711 1345 seeundo,
733 1271 779 1332 uti
797 1271 830 1334 in
849 1272 1003 1354 superiore
1020 1272 1087 1334 loco
1102 1268 1153 1356 (2,
1167 1265 1264 1353 668),
1371 1311 1377 1322 -

152 1387 338 1461 exspectares
374 1376 574 1450 animanti,
605 1373 689 1460 quod
720 1377 784 1438 sine
814 1376 878 1438 ullo
912 1377 1049 1460 periculo
1081 1376 1171 1439 scribi
1209 1396 1264 1458 po·

151 1484 276 1562 tuissct3
309 1482 415 1556 tertio,
455 1482 564 1542 nitere
598 1491 642 1542 cst
674 1481 815 1564 ineptum
847 1482 880 1544 in
912 1483 946 1544 iis
982 1482 1091 1557 rebus,
1132 1501 1265 1565 quarum

151 1588 236 1652 nulla
270 1587 346 1650 risui
377 1596 480 1670 patet:
507 1585 619 1660 odore,
649 1585 769 1661 calore,
795 1607 920 1669 sapore3
944 1598 1051 1649 contra
1071 1589 1196 1650 viscora
1221 1596 1265 1649 est

152 1695 361 1779 aptissimum,
395 1703 485 1768 tum,
511 1703 546 1755 ut
567 1691 757 1776 significetur
777 1713 841 1754 non
864 1691 902 1755 de
916 1693 1009 1758 ,vitali
1032 1693 1182 1777 principio
1212 1691 1263 1757 scd

151 1799 191 1864 de
219 1799 344 1862 materia
375 1799 439 1882 ipsa
458 1798 557 1860 sensili
578 1797 649 1881 agi,
680 1807 767 1872 tum,
798 1799 945 1882 quoniam
970 1799 1101 1878 maxime
1123 1820 1160 1861 ex
1184 1799 1263 1862 inte-

150 1905 279 1969 rioribus
299 1903 432 1988 cujusris
463 1905 625 1966 animantis
657 1903 794 1985 partibus
822 1901 1010 1990 (visceribus)
1044 1903 1136 1979 odor,
1161 1906 1262 1979 calor,

150 2033 238 2097 sapor
266 2009 512 2096 proficiscuntur.
560 2010 611 2072 Sic
636 2008 747 2072 viscera
767 2008 896 2072 redeunt
920 2012 956 2084 3,
979 2011 1058 2076 273.

197 2117 230 2180 Si
261 2114 359 2190 haec,
388 2114 427 2177 de
458 2113 579 2178 duobus
610 2112 692 2176 bisce
720 2113 928 2189 locis‘dicta,
968 2115 1164 2198 probabiliter
1187 2126 1265 2178 snut

152 2222 326 2307 disputata,
376 2221 535 2284 Lucretius
568 2219 748 2283 liberabitur
788 2221 828 2282 ab
865 2241 900 2282 ea
939 2222 1124 2306 negligentia
1167 2243 1262 2307 quam
1294 2253 1296 2256 ·

151 2328 296 2413 Fcrbiger
329 2325 367 2388 ad
399 2326 513 2388 librum
538 2329 557 2389 2
586 2347 634 2387 rs.
651 2325 717 2388 668
752 2325 843 2388 tacite
873 2326 900 2388 ci
933 2326 1113 2410 exprobrat,
1147 2336 1177 2387 et
1201 2347 1262 2389 non

151 2433 287 2518 dfflectit
312 2432 434 2495 abusu
458 2433 618 2495 communi
638 2433 670 2494 in
694 2451 767 2494 voce
796 2433 967 2496 animans.

198 2545 238 2616 2,
260 2540 413 2602 679-81.
461 2539 497 2600 ln
521 2537 678 2602 codicibus
699 2539 740 2600 ita
764 2537 816 2601 bio
846 2540 931 2603 locus
952 2538 1114 2601 scribitur:

198 2746 353 2839 Denique
376 2745 488 2809 multa
509 2745 622 2822 nider,
648 2746 773 2831 qnibns
797 2758 829 2809 et
851 2747 942 2808 color
965 2757 997 2809 et
1015 2769 1118 2831 sapor
1138 2773 1206 2812 nna
1246 2783 1250 2790 ·

196 2851 379 2940 Religiona
402 2855 557 2915 animum
582 2853 780 2940 contingere
799 2863 926 2936 parato

195 2957 345 3022 Reddita
366 2970 448 3022 rnnt
469 2981 545 3022 enm
571 2957 668 3021 odore
691 2960 860 3042 inprimis
875 2959 1040 3045 planaque
1060 2958 1158 3023 dona.

198 3167 312 3231 Omnes
330 3167 539 3250 conjecturas,
562 3167 600 3230 ad
618 3166 763 3229 idoneum
780 3188 902 3230 sensum
921 3189 956 3230 err
973 3167 1032 3230 hoc
1052 3169 1120 3232 loco
1138 3169 1262 3234 elicien-

92 3275 103 3284 “
152 3273 228 3338 dum
246 3285 300 3337 aut
316 3275 418 3358 potius
437 3271 696 3356 corrumpendum
718 3274 831 3352 lactas,
860 3273 1049 3357 dijudicare,
1084 3298 1146 3350 non
1162 3276 1262 3358 jurat.

149 3381 255 3444 Plures
291 3379 330 3442 ad
368 3400 472 3442 rerum
502 3390 713 3455 accesserunt,
749 3379 833 3464 quod
866 3382 1030 3466 quominus
1061 3403 1261 3467 assequeren-

147 3497 219 3562 tur,
249 3486 408 3570 impedivit
431 3485 575 3549 codicum
600 3487 752 3571 neglectio
775 3497 805 3551 et
824 3487 1009 3569 conjiciendi
1035 3487 1140 3551 libido.
1188 3490 1261 3552 Pro-

150 3593 231 3656 xime
255 3614 272 3654 a
295 3592 971 3679 veritateabestPreigcrus‚qui‚1restigiis
993 3594 1134 3657 codicum
1156 3595 1259 3671 nixus,

149 3708 230 3762 recte
262 3718 278 3759 n
291 3700 470 3782 contingere
503 3704 630 3782 paratc’'
652 3699 859 3762 retinendum
888 3720 949 3761 esse
980 3699 1114 3782 putarim
1141 3702 1262 3786 longis·

148 3805 224 3867 sime
254 3827 272 3866 a
302 3825 373 3867 vcro
404 3815 593 3867 recesserunt
622 3815 653 3866 ct
684 3807 826 3888 imperite
865 3815 1004 3868 errarunt
1038 3806 1263 3870 Wakefieldius

146 3910 255 3995 iique,
286 3912 341 3995 qui
372 3930 446 3972 cum
480 3904 535 3972 isto
567 3903 707 3986 iaciunt,
741 3910 834 3974 color
861 3921 893 3974 et
921 3912 1261 3995 saparssubstantim

149 4014 310 4078 masculini
341 4015 481 4099 generis,
513 4035 587 4076 cum
619 4025 729 4078 neutro
760 4009 870 4101 plurali
903 4013 1040 4078 redditu
1069 4018 1261 4105 conjungen·

149 4130 195 4184 tes
232 4121 296 4182 sine
328 4121 390 4183 ulla
430 4119 539 4184 idonea
571 4142 698 4195 caussa,
738 4141 839 4207 quum
871 4121 936 4206 jam
978 4123 1010 4186 in
1049 4127 1261 4206 manuscriptis

102 4266 105 4271 -
149 4226 242 4311 longe
276 4225 316 4290 ab
351 4228 410 4290 illis
441 4226 532 4290 distet
567 4225 725 4304 reddita,
753 4249 853 4313 quum
885 4230 933 4292 rel
960 4227 1048 4292 dona
1076 4228 1260 4312 adjunctum

151 4330 404 4414 conjunctionem
428 4334 509 4396 inter
532 4355 562 4397 se
586 4345 617 4398 ct
640 4332 948 4399 redditasuaderet.

200 4437 305 4504 Plures
331 4439 398 4522 jam
437 4438 578 4504 viderunt
614 4442 737 4506 nullum
774 4444 878 4509 locum
907 4462 969 4504 esse
999 4442 1112 4519 colori,
1145 4443 1261 4528 quippo
