<?xml version="1.0" encoding="UTF-8"?>
<!DOCTYPE html PUBLIC "-//W3C//DTD XHTML 1.0 Transitional//EN"
    "http://www.w3.org/TR/xhtml1/DTD/xhtml1-transitional.dtd">
<html xmlns="http://www.w3.org/1999/xhtml" xml:lang="en" lang="en">
 <head>
  <title>
</title>
<meta http-equiv="Content-Type" content="text/html;charset=utf-8" />
  <meta name='ocr-system' content='tesseract 3.04.00' />
  <meta name='ocr-capabilities' content='ocr_page ocr_carea ocr_par ocr_line ocrx_word'/>
</head>
<body>
  <div class='ocr_page' id='page_1' title='image "./dissertatiocrit00roosgoog_0053.png"; bbox 0 0 2920 5044; ppageno 0'>
   <div class='ocr_carea' id='block_1_1' title="bbox 733 349 826 415">
    <p class='ocr_par' dir='ltr' id='par_1_1' title="bbox 733 349 826 415">
     <span class='ocr_line' id='line_1_1' title="bbox 733 349 826 415; baseline 0 -31"><span class='ocrx_word' id='word_1_1' title='bbox 733 349 782 415; x_wconf 76' lang='lat' dir='ltr'><strong>ro</strong></span> <span class='ocrx_word' id='word_1_2' title='bbox 822 373 826 384; x_wconf 92' lang='lat'>.</span> 
     </span>
    </p>
   </div>
   <div class='ocr_carea' id='block_1_2' title="bbox 142 540 1349 2421">
    <p class='ocr_par' dir='ltr' id='par_1_2' title="bbox 142 540 1316 924">
     <span class='ocr_line' id='line_1_2' title="bbox 204 540 1315 628; baseline -0.003 -20"><span class='ocrx_word' id='word_1_3' title='bbox 204 543 294 628; x_wconf 90' lang='lat' dir='ltr'><strong>cujus</strong></span> <span class='ocrx_word' id='word_1_4' title='bbox 326 544 411 607; x_wconf 88' lang='lat' dir='ltr'><strong>nulla</strong></span> <span class='ocrx_word' id='word_1_5' title='bbox 439 541 554 622; x_wconf 88' lang='lat' dir='ltr'><strong>mentio</strong></span> <span class='ocrx_word' id='word_1_6' title='bbox 587 540 623 603; x_wconf 91' lang='lat' dir='ltr'><strong>fit</strong></span> <span class='ocrx_word' id='word_1_7' title='bbox 650 540 682 603; x_wconf 90' lang='lat' dir='ltr'><strong>iu</strong></span> <span class='ocrx_word' id='word_1_8' title='bbox 714 541 854 623; x_wconf 82' lang='lat' dir='ltr'><strong>exemplo</strong></span> <span class='ocrx_word' id='word_1_9' title='bbox 885 561 903 601; x_wconf 89' lang='lat' dir='ltr'><strong>a</strong></span> <span class='ocrx_word' id='word_1_10' title='bbox 933 546 1022 624; x_wconf 67' lang='lat' dir='ltr'><strong>poeta</strong></span> <span class='ocrx_word' id='word_1_11' title='bbox 1052 542 1164 618; x_wconf 85' lang='lat' dir='ltr'><strong>allato,</strong></span> <span class='ocrx_word' id='word_1_12' title='bbox 1195 541 1315 607; x_wconf 82' lang='lat' dir='ltr'><strong>atinde</strong></span> 
     </span>
     <span class='ocr_line' id='line_1_3' title="bbox 142 645 1315 734; baseline -0.002 -20"><span class='ocrx_word' id='word_1_13' title='bbox 142 709 147 720; x_wconf 85' lang='grc'><strong><em>,</em></strong></span> <span class='ocrx_word' id='word_1_14' title='bbox 204 651 341 714; x_wconf 80' lang='lat' dir='ltr'><strong>colorin</strong></span> <span class='ocrx_word' id='word_1_15' title='bbox 360 649 441 713; x_wconf 77' lang='lat' dir='ltr'><strong>odor·</strong></span> <span class='ocrx_word' id='word_1_16' title='bbox 460 658 640 724; x_wconf 79' lang='lat' dir='ltr'>mutarunt,</span> <span class='ocrx_word' id='word_1_17' title='bbox 659 645 818 710; x_wconf 79' lang='lat' dir='ltr'><strong>temerarie</strong></span> <span class='ocrx_word' id='word_1_18' title='bbox 840 658 961 722; x_wconf 89' lang='lat' dir='ltr'><strong>tamen,</strong></span> <span class='ocrx_word' id='word_1_19' title='bbox 986 667 1085 732; x_wconf 88' lang='lat' dir='ltr'><strong>quum</strong></span> <span class='ocrx_word' id='word_1_20' title='bbox 1109 669 1172 712; x_wconf 92' lang='lat' dir='ltr'><strong>non</strong></span> <span class='ocrx_word' id='word_1_21' title='bbox 1195 658 1315 734; x_wconf 89' lang='lat' dir='ltr'><strong>pateat,</strong></span> 
     </span>
     <span class='ocr_line' id='line_1_4' title="bbox 202 752 1316 842; baseline -0.004 -21"><span class='ocrx_word' id='word_1_22' title='bbox 202 755 358 842; x_wconf 86' lang='lat' dir='ltr'><strong>quomodo</strong></span> <span class='ocrx_word' id='word_1_23' title='bbox 388 767 450 819; x_wconf 84' lang='lat' dir='ltr'><strong>tam</strong></span> <span class='ocrx_word' id='word_1_24' title='bbox 483 755 607 838; x_wconf 87' lang='lat' dir='ltr'><strong>vulgare</strong></span> <span class='ocrx_word' id='word_1_25' title='bbox 637 752 765 815; x_wconf 81' lang='lat' dir='ltr'><strong>verbum</strong></span> <span class='ocrx_word' id='word_1_26' title='bbox 797 762 923 838; x_wconf 87' lang='lat' dir='ltr'><strong>tamque</strong></span> <span class='ocrx_word' id='word_1_27' title='bbox 951 763 1058 837; x_wconf 87' lang='lat' dir='ltr'><strong>aptum</strong></span> <span class='ocrx_word' id='word_1_28' title='bbox 1082 756 1238 839; x_wconf 89' lang='lat' dir='ltr'><strong>corrumpi</strong></span> <span class='ocrx_word' id='word_1_29' title='bbox 1260 776 1316 840; x_wconf 90' lang='lat' dir='ltr'><strong>po·</strong></span> 
     </span>
     <span class='ocr_line' id='line_1_5' title="bbox 203 862 304 924; baseline 0 0"><span class='ocrx_word' id='word_1_30' title='bbox 203 862 304 924; x_wconf 90' lang='lat' dir='ltr'><strong>tuerit.</strong></span> 
     </span>
    </p>

    <p class='ocr_par' dir='ltr' id='par_1_3' title="bbox 201 960 1349 2421">
     <span class='ocr_line' id='line_1_6' title="bbox 248 960 1317 1050; baseline -0.005 -19"><span class='ocrx_word' id='word_1_31' title='bbox 248 966 307 1031; x_wconf 88' lang='lat' dir='ltr'><strong>Sed</strong></span> <span class='ocrx_word' id='word_1_32' title='bbox 331 988 394 1031; x_wconf 90' lang='lat' dir='ltr'><strong>non</strong></span> <span class='ocrx_word' id='word_1_33' title='bbox 420 964 529 1029; x_wconf 89' lang='lat' dir='ltr'><strong>dubito</strong></span> <span class='ocrx_word' id='word_1_34' title='bbox 561 965 638 1050; x_wconf 88' lang='lat' dir='ltr'><strong>quin</strong></span> <span class='ocrx_word' id='word_1_35' title='bbox 668 960 864 1026; x_wconf 87' lang='lat' dir='ltr'><strong>scribendum</strong></span> <span class='ocrx_word' id='word_1_36' title='bbox 896 963 949 1025; x_wconf 90' lang='lat' dir='ltr'><strong>sit:</strong></span> <span class='ocrx_word' id='word_1_37' title='bbox 980 973 1029 1025; x_wconf 81' lang='lat' dir='ltr'><strong>est</strong></span> <span class='ocrx_word' id='word_1_38' title='bbox 1061 962 1135 1026; x_wconf 80' lang='lat' dir='ltr'><strong>olor</strong></span> <span class='ocrx_word' id='word_1_39' title='bbox 1158 975 1190 1025; x_wconf 85' lang='lat' dir='ltr'><strong>ot</strong></span> <span class='ocrx_word' id='word_1_40' title='bbox 1213 985 1317 1048; x_wconf 83' lang='lat' dir='ltr'><strong>sapor</strong></span> 
     </span>
     <span class='ocr_line' id='line_1_7' title="bbox 202 1066 1316 1156; baseline -0.004 -19"><span class='ocrx_word' id='word_1_41' title='bbox 202 1073 284 1137; x_wconf 78' lang='lat' dir='ltr'><strong>und.</strong></span> <span class='ocrx_word' id='word_1_42' title='bbox 319 1071 459 1139; x_wconf 83' lang='lat' dir='ltr'><strong>Verbum</strong></span> <span class='ocrx_word' id='word_1_43' title='bbox 493 1071 567 1134; x_wconf 83' lang='lat' dir='ltr'><strong>olor</strong></span> <span class='ocrx_word' id='word_1_44' title='bbox 599 1091 660 1132; x_wconf 91' lang='lat' dir='ltr'><strong>non</strong></span> <span class='ocrx_word' id='word_1_45' title='bbox 683 1069 837 1133; x_wconf 84' lang='lat' dir='ltr'><strong>invenitur</strong></span> <span class='ocrx_word' id='word_1_46' title='bbox 866 1066 947 1152; x_wconf 91' lang='lat' dir='ltr'><strong>apud</strong></span> <span class='ocrx_word' id='word_1_47' title='bbox 981 1068 1119 1131; x_wconf 80' lang='lat' dir='ltr'><strong>classicos</strong></span> <span class='ocrx_word' id='word_1_48' title='bbox 1149 1067 1202 1132; x_wconf 91' lang='lat' dir='ltr'><strong>sed</strong></span> <span class='ocrx_word' id='word_1_49' title='bbox 1218 1069 1316 1156; x_wconf 90' lang='lat' dir='ltr'><strong>apud</strong></span> 
     </span>
     <span class='ocr_line' id='line_1_8' title="bbox 202 1173 1315 1263; baseline -0.002 -22"><span class='ocrx_word' id='word_1_50' title='bbox 202 1179 401 1254; x_wconf 81' lang='lat' dir='ltr'><strong>recentiores,</strong></span> <span class='ocrx_word' id='word_1_51' title='bbox 442 1179 498 1263; x_wconf 91' lang='lat' dir='ltr'><strong>qui</strong></span> <span class='ocrx_word' id='word_1_52' title='bbox 535 1175 698 1240; x_wconf 81' lang='lat' dir='ltr'><strong>rarioribus</strong></span> <span class='ocrx_word' id='word_1_53' title='bbox 735 1174 830 1238; x_wconf 88' lang='lat' dir='ltr'><strong>verbis</strong></span> <span class='ocrx_word' id='word_1_54' title='bbox 863 1173 1007 1238; x_wconf 86' lang='lat' dir='ltr'><strong>venandis</strong></span> <span class='ocrx_word' id='word_1_55' title='bbox 1038 1175 1222 1259; x_wconf 75' lang='lat' dir='ltr'><strong>elegantiam</strong></span> <span class='ocrx_word' id='word_1_56' title='bbox 1253 1197 1315 1240; x_wconf 90' lang='lat' dir='ltr'><strong>ser-</strong></span> 
     </span>
     <span class='ocr_line' id='line_1_9' title="bbox 201 1277 1313 1366; baseline -0.004 -19"><span class='ocrx_word' id='word_1_57' title='bbox 201 1285 300 1348; x_wconf 92' lang='lat' dir='ltr'><strong>monis</strong></span> <span class='ocrx_word' id='word_1_58' title='bbox 340 1293 464 1366; x_wconf 87' lang='lat' dir='ltr'><strong>captare</strong></span> <span class='ocrx_word' id='word_1_59' title='bbox 501 1279 625 1344; x_wconf 86' lang='lat' dir='ltr'><strong>student</strong></span> <span class='ocrx_word' id='word_1_60' title='bbox 660 1290 691 1342; x_wconf 88' lang='lat' dir='ltr'><strong>et</strong></span> <span class='ocrx_word' id='word_1_61' title='bbox 728 1281 760 1342; x_wconf 93' lang='lat' dir='ltr'><strong>in</strong></span> <span class='ocrx_word' id='word_1_62' title='bbox 795 1279 874 1342; x_wconf 90' lang='lat' dir='ltr'><strong>sonis</strong></span> <span class='ocrx_word' id='word_1_63' title='bbox 914 1277 1060 1356; x_wconf 88' lang='lat' dir='ltr'><strong>haerent,</strong></span> <span class='ocrx_word' id='word_1_64' title='bbox 1101 1279 1313 1364; x_wconf 83' lang='lat' dir='ltr'><strong>Appulejum,</strong></span> 
     </span>
     <span class='ocr_line' id='line_1_10' title="bbox 201 1383 1316 1471; baseline -0.005 -18"><span class='ocrx_word' id='word_1_65' title='bbox 201 1389 352 1454; x_wconf 88' lang='lat' dir='ltr'><strong>Serenum</strong></span> <span class='ocrx_word' id='word_1_66' title='bbox 389 1386 620 1450; x_wconf 79' lang='lat' dir='ltr'><strong>sammonicum</strong></span> <span class='ocrx_word' id='word_1_67' title='bbox 635 1407 644 1462; x_wconf 92' lang='lat'>;</span> <span class='ocrx_word' id='word_1_68' title='bbox 678 1395 708 1446; x_wconf 91' lang='lat' dir='ltr'><strong>et</strong></span> <span class='ocrx_word' id='word_1_69' title='bbox 742 1384 859 1448; x_wconf 89' lang='lat' dir='ltr'><strong>malurn</strong></span> <span class='ocrx_word' id='word_1_70' title='bbox 894 1385 1014 1468; x_wconf 89' lang='lat' dir='ltr'><strong>proprie</strong></span> <span class='ocrx_word' id='word_1_71' title='bbox 1046 1383 1170 1449; x_wconf 91' lang='lat' dir='ltr'><strong>odorem</strong></span> <span class='ocrx_word' id='word_1_72' title='bbox 1199 1384 1316 1471; x_wconf 86' lang='lat' dir='ltr'><strong>signifi-</strong></span> 
     </span>
     <span class='ocr_line' id='line_1_11' title="bbox 201 1489 1315 1573; baseline -0.002 -16"><span class='ocrx_word' id='word_1_73' title='bbox 201 1505 252 1558; x_wconf 89' lang='lat' dir='ltr'><strong>cat</strong></span> <span class='ocrx_word' id='word_1_74' title='bbox 288 1494 382 1568; x_wconf 85' lang='lat' dir='ltr'><strong>olor,</strong></span> <span class='ocrx_word' id='word_1_75' title='bbox 419 1491 500 1555; x_wconf 92' lang='lat' dir='ltr'><strong>unde</strong></span> <span class='ocrx_word' id='word_1_76' title='bbox 536 1489 689 1553; x_wconf 77' lang='lat' dir='ltr'><strong>Arnobius</strong></span> <span class='ocrx_word' id='word_1_77' title='bbox 722 1500 828 1553; x_wconf 88' lang='lat' dir='ltr'><strong>eontra</strong></span> <span class='ocrx_word' id='word_1_78' title='bbox 852 1492 985 1573; x_wconf 61' lang='lat' dir='ltr'><strong>genter?</strong></span> <span class='ocrx_word' id='word_1_79' title='bbox 1011 1490 1089 1553; x_wconf 85' lang='lat' dir='ltr'><strong>libro</strong></span> <span class='ocrx_word' id='word_1_80' title='bbox 1111 1495 1149 1555; x_wconf 85' lang='lat'><strong>2:</strong></span> <span class='ocrx_word' id='word_1_81' title='bbox 1184 1512 1315 1555; x_wconf 82' lang='lat' dir='ltr'><strong>»amara</strong></span> 
     </span>
     <span class='ocr_line' id='line_1_12' title="bbox 201 1594 1314 1680; baseline -0.004 -16"><span class='ocrx_word' id='word_1_82' title='bbox 201 1610 273 1664; x_wconf 88' lang='lat' dir='ltr'><strong>sunt</strong></span> <span class='ocrx_word' id='word_1_83' title='bbox 308 1599 389 1662; x_wconf 87' lang='lat' dir='ltr'><strong>enim</strong></span> <span class='ocrx_word' id='word_1_84' title='bbox 421 1599 571 1661; x_wconf 88' lang='lat' dir='ltr'><strong>elementa</strong></span> <span class='ocrx_word' id='word_1_85' title='bbox 605 1598 652 1660; x_wconf 88' lang='lat' dir='ltr'><strong>vel</strong></span> <span class='ocrx_word' id='word_1_86' title='bbox 686 1594 811 1658; x_wconf 87' lang='lat' dir='ltr'><strong>dulcia:</strong></span> <span class='ocrx_word' id='word_1_87' title='bbox 843 1594 959 1658; x_wconf 77' lang='lat' dir='ltr'><strong>odoris</strong></span> <span class='ocrx_word' id='word_1_88' title='bbox 986 1606 1057 1658; x_wconf 90' lang='lat' dir='ltr'><strong>sunt</strong></span> <span class='ocrx_word' id='word_1_89' title='bbox 1099 1596 1229 1680; x_wconf 85' lang='lat' dir='ltr'><strong>alicujus</strong></span> <span class='ocrx_word' id='word_1_90' title='bbox 1268 1599 1314 1660; x_wconf 80' lang='lat' dir='ltr'><strong>rel</strong></span> 
     </span>
     <span class='ocr_line' id='line_1_13' title="bbox 202 1699 1315 1787; baseline -0.003 -18"><span class='ocrx_word' id='word_1_91' title='bbox 202 1705 327 1783; x_wconf 80' lang='lat' dir='ltr'><strong>oloria;</strong></span> <span class='ocrx_word' id='word_1_92' title='bbox 363 1714 398 1766; x_wconf 92' lang='lat' dir='ltr'><strong>nt</strong></span> <span class='ocrx_word' id='word_1_93' title='bbox 431 1724 467 1766; x_wconf 84' lang='lat' dir='ltr'><strong>ex</strong></span> <span class='ocrx_word' id='word_1_94' title='bbox 506 1723 613 1765; x_wconf 85' lang='lat' dir='ltr'><strong>eorum</strong></span> <span class='ocrx_word' id='word_1_95' title='bbox 648 1701 843 1764; x_wconf 88' lang='lat' dir='ltr'><strong>concretione</strong></span> <span class='ocrx_word' id='word_1_96' title='bbox 876 1699 1003 1764; x_wconf 88' lang='lat' dir='ltr'><strong>credatis</strong></span> <span class='ocrx_word' id='word_1_97' title='bbox 1036 1723 1097 1765; x_wconf 87' lang='lat' dir='ltr'><strong>esse</strong></span> <span class='ocrx_word' id='word_1_98' title='bbox 1129 1705 1261 1787; x_wconf 76' lang='lat' dir='ltr'><strong>partitas,</strong></span> <span class='ocrx_word' id='word_1_99' title='bbox 1281 1703 1315 1766; x_wconf 91' lang='lat' dir='ltr'><strong>in</strong></span> 
     </span>
     <span class='ocr_line' id='line_1_14' title="bbox 201 1801 1331 1893; baseline -0.003 -19"><span class='ocrx_word' id='word_1_100' title='bbox 201 1809 396 1874; x_wconf 90' lang='lat' dir='ltr'><strong>nascentibus</strong></span> <span class='ocrx_word' id='word_1_101' title='bbox 428 1809 610 1893; x_wconf 86' lang='lat' dir='ltr'><strong>qualitates,</strong></span> <span class='ocrx_word' id='word_1_102' title='bbox 651 1807 765 1892; x_wconf 89' lang='lat' dir='ltr'><strong>quibus</strong></span> <span class='ocrx_word' id='word_1_103' title='bbox 803 1817 857 1868; x_wconf 90' lang='lat' dir='ltr'><strong>aut</strong></span> <span class='ocrx_word' id='word_1_104' title='bbox 896 1808 1028 1871; x_wconf 87' lang='lat' dir='ltr'><strong>suavitas</strong></span> <span class='ocrx_word' id='word_1_105' title='bbox 1062 1809 1216 1885; x_wconf 88' lang='lat' dir='ltr'><strong>nascitur,</strong></span> <span class='ocrx_word' id='word_1_106' title='bbox 1261 1801 1331 1872; x_wconf 51' lang='lat' dir='ltr'><strong>aut¹</strong></span> 
     </span>
     <span class='ocr_line' id='line_1_15' title="bbox 201 1910 1349 1998; baseline -0.001 -18"><span class='ocrx_word' id='word_1_107' title='bbox 201 1916 338 1980; x_wconf 85' lang='lat' dir='ltr'><strong>sensibus</strong></span> <span class='ocrx_word' id='word_1_108' title='bbox 357 1913 481 1977; x_wconf 86' lang='lat' dir='ltr'><strong>offensio</strong></span> <span class='ocrx_word' id='word_1_109' title='bbox 501 1918 730 1997; x_wconf 87' lang='lat' dir='ltr'><strong>comparatur.‘&#39;</strong></span> <span class='ocrx_word' id='word_1_110' title='bbox 764 1910 825 1976; x_wconf 91' lang='lat' dir='ltr'><strong>Sed</strong></span> <span class='ocrx_word' id='word_1_111' title='bbox 840 1935 939 1998; x_wconf 91' lang='lat' dir='ltr'><strong>quum</strong></span> <span class='ocrx_word' id='word_1_112' title='bbox 959 1915 1044 1976; x_wconf 90' lang='lat' dir='ltr'><strong>nulla</strong></span> <span class='ocrx_word' id='word_1_113' title='bbox 1066 1916 1142 1978; x_wconf 86' lang='lat' dir='ltr'><strong>ratio</strong></span> <span class='ocrx_word' id='word_1_114' title='bbox 1163 1916 1314 1978; x_wconf 88' lang='lat' dir='ltr'><strong>innostro</strong></span> <span class='ocrx_word' id='word_1_115' title='bbox 1346 1974 1349 1979; x_wconf 90' lang='lat'>.</span> 
     </span>
     <span class='ocr_line' id='line_1_16' title="bbox 201 2005 1316 2096; baseline -0.001 -12"><span class='ocrx_word' id='word_1_116' title='bbox 201 2023 270 2085; x_wconf 88' lang='lat' dir='ltr'><strong>loco</strong></span> <span class='ocrx_word' id='word_1_117' title='bbox 302 2005 454 2082; x_wconf 81' lang='lat' dir='ltr'><strong>habeatur</strong></span> <span class='ocrx_word' id='word_1_118' title='bbox 478 2029 533 2080; x_wconf 87' lang='lat' dir='ltr'><strong>aut</strong></span> <span class='ocrx_word' id='word_1_119' title='bbox 559 2018 712 2081; x_wconf 82' lang='lat' dir='ltr'><strong>suavitatis</strong></span> <span class='ocrx_word' id='word_1_120' title='bbox 745 2029 800 2081; x_wconf 87' lang='lat' dir='ltr'><strong>eut</strong></span> <span class='ocrx_word' id='word_1_121' title='bbox 832 2017 1062 2096; x_wconf 85' lang='lat' dir='ltr'><strong>amaritudinis,</strong></span> <span class='ocrx_word' id='word_1_122' title='bbox 1099 2032 1182 2083; x_wconf 89' lang='lat' dir='ltr'><strong>recte</strong></span> <span class='ocrx_word' id='word_1_123' title='bbox 1215 2031 1316 2085; x_wconf 91' lang='lat' dir='ltr'><strong>noster</strong></span> 
     </span>
     <span class='ocr_line' id='line_1_17' title="bbox 201 2121 1313 2209; baseline 0 -20"><span class='ocrx_word' id='word_1_124' title='bbox 201 2125 302 2190; x_wconf 92' lang='lat' dir='ltr'><strong>dicere</strong></span> <span class='ocrx_word' id='word_1_125' title='bbox 335 2125 435 2209; x_wconf 91' lang='lat' dir='ltr'><strong>potuit</strong></span> <span class='ocrx_word' id='word_1_126' title='bbox 467 2124 541 2186; x_wconf 83' lang='lat' dir='ltr'><strong>olor</strong></span> <span class='ocrx_word' id='word_1_127' title='bbox 563 2145 618 2208; x_wconf 92' lang='lat' dir='ltr'><strong>pro</strong></span> <span class='ocrx_word' id='word_1_128' title='bbox 643 2121 742 2199; x_wconf 85' lang='lat' dir='ltr'><strong>odor,</strong></span> <span class='ocrx_word' id='word_1_129' title='bbox 779 2125 826 2186; x_wconf 91' lang='lat' dir='ltr'><strong>uti</strong></span> <span class='ocrx_word' id='word_1_130' title='bbox 854 2145 942 2187; x_wconf 82' lang='lat' dir='ltr'><strong>versu</strong></span> <span class='ocrx_word' id='word_1_131' title='bbox 975 2125 1041 2189; x_wconf 82' lang='lat'><strong>683</strong></span> <span class='ocrx_word' id='word_1_132' title='bbox 1066 2125 1172 2189; x_wconf 88' lang='lat' dir='ltr'><strong>eadem</strong></span> <span class='ocrx_word' id='word_1_133' title='bbox 1197 2128 1313 2191; x_wconf 88' lang='lat' dir='ltr'><strong>ratione</strong></span> 
     </span>
     <span class='ocr_line' id='line_1_18' title="bbox 202 2229 1312 2316; baseline 0.001 -22"><span class='ocrx_word' id='word_1_134' title='bbox 202 2229 307 2294; x_wconf 77' lang='lat' dir='ltr'><strong>nidor·</strong></span> <span class='ocrx_word' id='word_1_135' title='bbox 330 2229 466 2292; x_wconf 87' lang='lat' dir='ltr'><strong>adhibet.</strong></span> <span class='ocrx_word' id='word_1_136' title='bbox 500 2230 580 2315; x_wconf 87' lang='lat' dir='ltr'><strong>Ergo</strong></span> <span class='ocrx_word' id='word_1_137' title='bbox 600 2229 727 2291; x_wconf 77' lang='lat' dir='ltr'><strong>aetolos·</strong></span> <span class='ocrx_word' id='word_1_138' title='bbox 748 2229 781 2292; x_wconf 93' lang='lat' dir='ltr'><strong>in</strong></span> <span class='ocrx_word' id='word_1_139' title='bbox 805 2230 932 2293; x_wconf 80' lang='lat' dir='ltr'><strong>etcolor</strong></span> <span class='ocrx_word' id='word_1_140' title='bbox 953 2231 1099 2294; x_wconf 87' lang='lat' dir='ltr'><strong>facillime</strong></span> <span class='ocrx_word' id='word_1_141' title='bbox 1123 2244 1312 2316; x_wconf 88' lang='lat' dir='ltr'><strong>corruptum.</strong></span> 
     </span>
     <span class='ocr_line' id='line_1_19' title="bbox 201 2333 855 2421; baseline -0.009 -19"><span class='ocrx_word' id='word_1_142' title='bbox 201 2339 252 2402; x_wconf 80' lang='lat' dir='ltr'><strong>ste</strong></span> <span class='ocrx_word' id='word_1_143' title='bbox 275 2337 370 2421; x_wconf 87' lang='lat' dir='ltr'><strong>igitur</strong></span> <span class='ocrx_word' id='word_1_144' title='bbox 393 2344 473 2398; x_wconf 89' lang='lat' dir='ltr'><strong>totus</strong></span> <span class='ocrx_word' id='word_1_145' title='bbox 497 2336 581 2398; x_wconf 89' lang='lat' dir='ltr'><strong>locus</strong></span> <span class='ocrx_word' id='word_1_146' title='bbox 604 2333 855 2418; x_wconf 84' lang='lat' dir='ltr'><strong>distinguendus:</strong></span> 
     </span>
    </p>
   </div>
   <div class='ocr_carea' id='block_1_3' title="bbox 244 2543 1259 2839">
    <p class='ocr_par' dir='ltr' id='par_1_4' title="bbox 244 2543 1259 2839">
     <span class='ocr_line' id='line_1_20' title="bbox 247 2543 1259 2630; baseline 0.004 -23"><span class='ocrx_word' id='word_1_147' title='bbox 247 2543 402 2629; x_wconf 78' lang='lat' dir='ltr'><strong>Denique</strong></span> <span class='ocrx_word' id='word_1_148' title='bbox 425 2544 537 2607; x_wconf 82' lang='lat' dir='ltr'><strong>multo</strong></span> <span class='ocrx_word' id='word_1_149' title='bbox 560 2543 670 2620; x_wconf 79' lang='lat' dir='ltr'><strong>videa,</strong></span> <span class='ocrx_word' id='word_1_150' title='bbox 694 2545 818 2630; x_wconf 77' lang='lat' dir='ltr'><strong>quibua</strong></span> <span class='ocrx_word' id='word_1_151' title='bbox 840 2555 890 2607; x_wconf 82' lang='lat' dir='ltr'><strong>ert</strong></span> <span class='ocrx_word' id='word_1_152' title='bbox 910 2544 985 2607; x_wconf 83' lang='lat' dir='ltr'><strong>olor</strong></span> <span class='ocrx_word' id='word_1_153' title='bbox 1005 2556 1038 2608; x_wconf 84' lang='lat' dir='ltr'><strong>et</strong></span> <span class='ocrx_word' id='word_1_154' title='bbox 1058 2565 1162 2628; x_wconf 77' lang='lat' dir='ltr'><strong>sopor</strong></span> <span class='ocrx_word' id='word_1_155' title='bbox 1181 2545 1259 2611; x_wconf 81' lang='lat' dir='ltr'><strong>und.</strong></span> 
     </span>
     <span class='ocr_line' id='line_1_21' title="bbox 247 2647 1104 2736; baseline -0.001 -25"><span class='ocrx_word' id='word_1_156' title='bbox 247 2647 430 2735; x_wconf 78' lang='lat' dir='ltr'><strong>Religione</strong></span> <span class='ocrx_word' id='word_1_157' title='bbox 455 2650 611 2711; x_wconf 79' lang='lat' dir='ltr'><strong>animum</strong></span> <span class='ocrx_word' id='word_1_158' title='bbox 635 2650 956 2736; x_wconf 65' lang='lat' dir='ltr'><strong>turpi‚eontingoe·e</strong></span> <span class='ocrx_word' id='word_1_159' title='bbox 978 2660 1104 2733; x_wconf 81' lang='lat' dir='ltr'><strong>parato</strong></span> 
     </span>
     <span class='ocr_line' id='line_1_22' title="bbox 244 2752 1249 2839; baseline 0.001 -22"><span class='ocrx_word' id='word_1_160' title='bbox 244 2752 394 2818; x_wconf 76' lang='lat' dir='ltr'><strong>Reddita</strong></span> <span class='ocrx_word' id='word_1_161' title='bbox 417 2764 498 2816; x_wconf 79' lang='lat' dir='ltr'><strong>aunt</strong></span> <span class='ocrx_word' id='word_1_162' title='bbox 522 2775 598 2817; x_wconf 81' lang='lat' dir='ltr'><strong>orem</strong></span> <span class='ocrx_word' id='word_1_163' title='bbox 622 2753 720 2820; x_wconf 81' lang='lat' dir='ltr'><strong>odore</strong></span> <span class='ocrx_word' id='word_1_164' title='bbox 744 2756 913 2839; x_wconf 79' lang='lat' dir='ltr'><strong>inprimis</strong></span> <span class='ocrx_word' id='word_1_165' title='bbox 934 2754 1098 2839; x_wconf 79' lang='lat' dir='ltr'><strong>ploraque</strong></span> <span class='ocrx_word' id='word_1_166' title='bbox 1122 2754 1220 2828; x_wconf 73' lang='lat' dir='ltr'><strong>dona.</strong></span> <span class='ocrx_word' id='word_1_167' title='bbox 1245 2783 1249 2791; x_wconf 65' lang='lat'><strong><em>¹</em></strong></span> 
     </span>
    </p>
   </div>
   <div class='ocr_carea' id='block_1_4' title="bbox 197 2956 1372 3686">
    <p class='ocr_par' dir='ltr' id='par_1_5' title="bbox 197 2956 1372 3369">
     <span class='ocr_line' id='line_1_23' title="bbox 243 2956 1313 3053; baseline -0.001 -24"><span class='ocrx_word' id='word_1_168' title='bbox 243 2965 384 3050; x_wconf 85' lang='lat' dir='ltr'><strong>Inprimis</strong></span> <span class='ocrx_word' id='word_1_169' title='bbox 416 2965 561 3050; x_wconf 89' lang='lat' dir='ltr'><strong>pleraque</strong></span> <span class='ocrx_word' id='word_1_170' title='bbox 592 2964 672 3029; x_wconf 90' lang='lat' dir='ltr'><strong>dona</strong></span> <span class='ocrx_word' id='word_1_171' title='bbox 703 2965 860 3053; x_wconf 81' lang='lat' dir='ltr'><strong>(victime,</strong></span> <span class='ocrx_word' id='word_1_172' title='bbox 892 2956 962 3028; x_wconf 86' lang='lat' dir='ltr'><strong>thus</strong></span> <span class='ocrx_word' id='word_1_173' title='bbox 1000 2966 1062 3029; x_wconf 90' lang='lat' dir='ltr'><strong>liba</strong></span> <span class='ocrx_word' id='word_1_174' title='bbox 1091 2961 1165 3051; x_wconf 91' lang='lat' dir='ltr'><strong>etc.)</strong></span> <span class='ocrx_word' id='word_1_175' title='bbox 1196 2963 1313 3029; x_wconf 73' lang='lat' dir='ltr'><strong>babent</strong></span> 
     </span>
     <span class='ocr_line' id='line_1_24' title="bbox 202 3067 1313 3160; baseline -0.001 -25"><span class='ocrx_word' id='word_1_176' title='bbox 202 3071 416 3160; x_wconf 90' lang='lat' dir='ltr'><strong>(conjunctum</strong></span> <span class='ocrx_word' id='word_1_177' title='bbox 453 3092 525 3133; x_wconf 87' lang='lat' dir='ltr'><strong>cum</strong></span> <span class='ocrx_word' id='word_1_178' title='bbox 563 3091 656 3134; x_wconf 89' lang='lat' dir='ltr'><strong>succo</strong></span> <span class='ocrx_word' id='word_1_179' title='bbox 693 3081 724 3133; x_wconf 90' lang='lat' dir='ltr'><strong>et</strong></span> <span class='ocrx_word' id='word_1_180' title='bbox 760 3067 879 3156; x_wconf 87' lang='lat' dir='ltr'><strong>sopor&#39;e)</strong></span> <span class='ocrx_word' id='word_1_181' title='bbox 928 3069 1072 3146; x_wconf 89' lang='lat' dir='ltr'><strong>odorem,</strong></span> <span class='ocrx_word' id='word_1_182' title='bbox 1108 3072 1151 3133; x_wconf 87' lang='lat' dir='ltr'><strong>ita</strong></span> <span class='ocrx_word' id='word_1_183' title='bbox 1187 3092 1313 3154; x_wconf 89' lang='lat' dir='ltr'><strong>compa-</strong></span> 
     </span>
     <span class='ocr_line' id='line_1_25' title="bbox 197 3176 1314 3265; baseline -0.003 -24"><span class='ocrx_word' id='word_1_184' title='bbox 197 3188 321 3252; x_wconf 89' lang='lat' dir='ltr'><strong>ratum,</strong></span> <span class='ocrx_word' id='word_1_185' title='bbox 359 3187 394 3239; x_wconf 92' lang='lat' dir='ltr'><strong>ut</strong></span> <span class='ocrx_word' id='word_1_186' title='bbox 426 3178 564 3239; x_wconf 89' lang='lat' dir='ltr'><strong>animum</strong></span> <span class='ocrx_word' id='word_1_187' title='bbox 599 3178 741 3262; x_wconf 89' lang='lat' dir='ltr'><strong>inquinet</strong></span> <span class='ocrx_word' id='word_1_188' title='bbox 778 3178 861 3261; x_wconf 89' lang='lat' dir='ltr'><strong>turpi</strong></span> <span class='ocrx_word' id='word_1_189' title='bbox 900 3177 1047 3260; x_wconf 86' lang='lat' dir='ltr'><strong>religione</strong></span> <span class='ocrx_word' id='word_1_190' title='bbox 1080 3176 1237 3265; x_wconf 89' lang='lat' dir='ltr'><strong>(accensus</strong></span> <span class='ocrx_word' id='word_1_191' title='bbox 1265 3177 1314 3241; x_wconf 85' lang='lat' dir='ltr'><strong>rel</strong></span> 
     </span>
     <span class='ocr_line' id='line_1_26' title="bbox 197 3281 1372 3369; baseline -0.001 -22"><span class='ocrx_word' id='word_1_192' title='bbox 197 3293 370 3356; x_wconf 90' lang='lat' dir='ltr'><strong>crematus,</strong></span> <span class='ocrx_word' id='word_1_193' title='bbox 395 3283 493 3366; x_wconf 90' lang='lat' dir='ltr'><strong>qualis</strong></span> <span class='ocrx_word' id='word_1_194' title='bbox 515 3281 676 3344; x_wconf 89' lang='lat' dir='ltr'><strong>cerebrum</strong></span> <span class='ocrx_word' id='word_1_195' title='bbox 698 3281 822 3346; x_wconf 87' lang='lat' dir='ltr'><strong>turbare</strong></span> <span class='ocrx_word' id='word_1_196' title='bbox 843 3284 938 3357; x_wconf 92' lang='lat' dir='ltr'><strong>solet,</strong></span> <span class='ocrx_word' id='word_1_197' title='bbox 967 3283 1000 3343; x_wconf 92' lang='lat' dir='ltr'><strong>in</strong></span> <span class='ocrx_word' id='word_1_198' title='bbox 1024 3303 1109 3345; x_wconf 89' lang='lat' dir='ltr'><strong>nares</strong></span> <span class='ocrx_word' id='word_1_199' title='bbox 1137 3282 1310 3369; x_wconf 86' lang='lat' dir='ltr'><strong>admissus).</strong></span> <span class='ocrx_word' id='word_1_200' title='bbox 1364 3283 1372 3290; x_wconf 79' lang='grc'><strong>’</strong></span> 
     </span>
    </p>

    <p class='ocr_par' dir='ltr' id='par_1_6' title="bbox 197 3385 1312 3686">
     <span class='ocr_line' id='line_1_27' title="bbox 229 3385 1311 3474; baseline -0.001 -22"><span class='ocrx_word' id='word_1_201' title='bbox 229 3389 404 3452; x_wconf 88' lang='lat' dir='ltr'><strong>·Neminem</strong></span> <span class='ocrx_word' id='word_1_202' title='bbox 444 3385 535 3449; x_wconf 90' lang='lat' dir='ltr'><strong>bodio</strong></span> <span class='ocrx_word' id='word_1_203' title='bbox 576 3387 721 3471; x_wconf 87' lang='lat' dir='ltr'><strong>temporis</strong></span> <span class='ocrx_word' id='word_1_204' title='bbox 756 3387 905 3451; x_wconf 86' lang='lat' dir='ltr'><strong>offensum</strong></span> <span class='ocrx_word' id='word_1_205' title='bbox 939 3387 975 3450; x_wconf 90' lang='lat' dir='ltr'><strong>iri</strong></span> <span class='ocrx_word' id='word_1_206' title='bbox 1011 3407 1121 3450; x_wconf 85' lang='lat' dir='ltr'><strong>censeo</strong></span> <span class='ocrx_word' id='word_1_207' title='bbox 1159 3388 1311 3474; x_wconf 79' lang='lat' dir='ltr'><strong>trisyllabo</strong></span> 
     </span>
     <span class='ocr_line' id='line_1_28' title="bbox 197 3492 1309 3580; baseline -0.005 -18"><span class='ocrx_word' id='word_1_208' title='bbox 197 3497 414 3580; x_wconf 78' lang='lat' dir='ltr'><strong>contingere,</strong></span> <span class='ocrx_word' id='word_1_209' title='bbox 454 3493 568 3578; x_wconf 78' lang='lat' dir='ltr'><strong>syllaba</strong></span> <span class='ocrx_word' id='word_1_210' title='bbox 603 3515 648 3580; x_wconf 84' lang='lat' dir='ltr'><strong>ge</strong></span> <span class='ocrx_word' id='word_1_211' title='bbox 688 3492 850 3556; x_wconf 92' lang='lat' dir='ltr'><strong>dimidium</strong></span> <span class='ocrx_word' id='word_1_212' title='bbox 894 3503 1014 3577; x_wconf 92' lang='lat' dir='ltr'><strong>tempus</strong></span> <span class='ocrx_word' id='word_1_213' title='bbox 1056 3492 1201 3557; x_wconf 82' lang='lat' dir='ltr'><strong>habento.</strong></span> <span class='ocrx_word' id='word_1_214' title='bbox 1258 3495 1309 3558; x_wconf 89' lang='lat' dir='ltr'><strong>Sic</strong></span> 
     </span>
     <span class='ocr_line' id='line_1_29' title="bbox 198 3596 1312 3686; baseline -0.007 -16"><span class='ocrx_word' id='word_1_215' title='bbox 198 3607 240 3681; x_wconf 82' lang='lat'><strong>2,</strong></span> <span class='ocrx_word' id='word_1_216' title='bbox 268 3603 330 3666; x_wconf 93' lang='grc'><strong>991</strong></span> <span class='ocrx_word' id='word_1_217' title='bbox 363 3599 396 3663; x_wconf 91' lang='lat' dir='ltr'><strong>in</strong></span> <span class='ocrx_word' id='word_1_218' title='bbox 426 3596 487 3662; x_wconf 89' lang='lat' dir='ltr'><strong>line</strong></span> <span class='ocrx_word' id='word_1_219' title='bbox 521 3619 620 3662; x_wconf 76' lang='lat' dir='ltr'><strong>versus</strong></span> <span class='ocrx_word' id='word_1_220' title='bbox 654 3620 671 3661; x_wconf 84' lang='lat' dir='ltr'><strong>n</strong></span> <span class='ocrx_word' id='word_1_221' title='bbox 683 3601 797 3662; x_wconf 89' lang='lat' dir='ltr'><strong>semine</strong></span> <span class='ocrx_word' id='word_1_222' title='bbox 818 3597 947 3664; x_wconf 89' lang='lat' dir='ltr'><strong>oriundi.</strong></span> <span class='ocrx_word' id='word_1_223' title='bbox 957 3604 977 3634; x_wconf 88' lang='lat'><strong>”</strong></span> <span class='ocrx_word' id='word_1_224' title='bbox 1025 3597 1130 3686; x_wconf 80' lang='lat' dir='ltr'><strong>Atque</strong></span> <span class='ocrx_word' id='word_1_225' title='bbox 1150 3602 1213 3675; x_wconf 78' lang='lat' dir='ltr'><strong>ita,</strong></span> <span class='ocrx_word' id='word_1_226' title='bbox 1248 3600 1312 3664; x_wconf 92' lang='lat' dir='ltr'><strong>leni</strong></span> 
     </span>
    </p>
   </div>
   <div class='ocr_carea' id='block_1_5' title="bbox 84 3703 1344 3791">
    <p class='ocr_par' dir='ltr' id='par_1_7' title="bbox 84 3703 1344 3791">
     <span class='ocr_line' id='line_1_30' title="bbox 84 3703 1344 3791; baseline -0.008 -14"><span class='ocrx_word' id='word_1_227' title='bbox 84 3770 88 3776; x_wconf 93' lang='lat'>.</span> <span class='ocrx_word' id='word_1_228' title='bbox 196 3710 257 3775; x_wconf 88' lang='lat' dir='ltr'><strong>hac</strong></span> <span class='ocrx_word' id='word_1_229' title='bbox 281 3704 515 3779; x_wconf 89' lang='lat' dir='ltr'><strong>emendatione,</strong></span> <span class='ocrx_word' id='word_1_230' title='bbox 539 3705 625 3768; x_wconf 90' lang='lat' dir='ltr'><strong>loeus</strong></span> <span class='ocrx_word' id='word_1_231' title='bbox 650 3706 759 3788; x_wconf 89' lang='lat' dir='ltr'><strong>planus</strong></span> <span class='ocrx_word' id='word_1_232' title='bbox 781 3703 817 3766; x_wconf 85' lang='lat' dir='ltr'><strong>tit</strong></span> <span class='ocrx_word' id='word_1_233' title='bbox 840 3715 870 3766; x_wconf 87' lang='lat' dir='ltr'><strong>et</strong></span> <span class='ocrx_word' id='word_1_234' title='bbox 893 3705 1072 3788; x_wconf 88' lang='lat' dir='ltr'><strong>perspicuus</strong></span> <span class='ocrx_word' id='word_1_235' title='bbox 1093 3716 1203 3791; x_wconf 87' lang='lat' dir='ltr'><strong>atque,</strong></span> <span class='ocrx_word' id='word_1_236' title='bbox 1225 3704 1311 3791; x_wconf 89' lang='lat' dir='ltr'><strong>quod</strong></span> <span class='ocrx_word' id='word_1_237' title='bbox 1334 3712 1344 3723; x_wconf 81' lang='grc'><strong>”</strong></span> 
     </span>
    </p>
   </div>
   <div class='ocr_carea' id='block_1_6' title="bbox 194 3805 1311 4534">
    <p class='ocr_par' dir='ltr' id='par_1_8' title="bbox 195 3805 1310 4092">
     <span class='ocr_line' id='line_1_31' title="bbox 195 3805 1310 3894; baseline -0.007 -12"><span class='ocrx_word' id='word_1_238' title='bbox 195 3816 329 3882; x_wconf 83' lang='lat' dir='ltr'><strong>maximo</strong></span> <span class='ocrx_word' id='word_1_239' title='bbox 365 3805 609 3874; x_wconf 88' lang='lat' dir='ltr'><strong>emendationem</strong></span> <span class='ocrx_word' id='word_1_240' title='bbox 633 3809 757 3884; x_wconf 87' lang='lat' dir='ltr'><strong>firmat,</strong></span> <span class='ocrx_word' id='word_1_241' title='bbox 791 3809 942 3894; x_wconf 85' lang='lat' dir='ltr'><strong>aptissime</strong></span> <span class='ocrx_word' id='word_1_242' title='bbox 974 3812 1118 3874; x_wconf 83' lang='lat' dir='ltr'><strong>convenit</strong></span> <span class='ocrx_word' id='word_1_243' title='bbox 1146 3831 1218 3873; x_wconf 92' lang='lat' dir='ltr'><strong>cum</strong></span> <span class='ocrx_word' id='word_1_244' title='bbox 1242 3832 1310 3874; x_wconf 83' lang='lat' dir='ltr'><strong>rer-</strong></span> 
     </span>
     <span class='ocr_line' id='line_1_32' title="bbox 196 3911 1310 4001; baseline -0.007 -15"><span class='ocrx_word' id='word_1_245' title='bbox 196 3923 279 3986; x_wconf 86' lang='lat' dir='ltr'><strong>eibus</strong></span> <span class='ocrx_word' id='word_1_246' title='bbox 308 3911 558 4001; x_wconf 89' lang='lat' dir='ltr'><strong>insequentibus,</strong></span> <span class='ocrx_word' id='word_1_247' title='bbox 592 3936 628 3977; x_wconf 87' lang='lat' dir='ltr'><strong>ex</strong></span> <span class='ocrx_word' id='word_1_248' title='bbox 662 3914 776 3999; x_wconf 90' lang='lat' dir='ltr'><strong>quibus</strong></span> <span class='ocrx_word' id='word_1_249' title='bbox 799 3925 829 3978; x_wconf 95' lang='lat' dir='ltr'><strong>et</strong></span> <span class='ocrx_word' id='word_1_250' title='bbox 852 3917 915 4000; x_wconf 91' lang='lat' dir='ltr'><strong>ipse</strong></span> <span class='ocrx_word' id='word_1_251' title='bbox 939 3913 1064 3978; x_wconf 92' lang='lat' dir='ltr'><strong>odorem</strong></span> <span class='ocrx_word' id='word_1_252' title='bbox 1088 3917 1219 3979; x_wconf 81' lang='lat' dir='ltr'><strong>veritatis</strong></span> <span class='ocrx_word' id='word_1_253' title='bbox 1241 3936 1310 3978; x_wconf 90' lang='lat' dir='ltr'><strong>sum</strong></span> 
     </span>
     <span class='ocr_line' id='line_1_33' title="bbox 195 4027 349 4092; baseline -0.026 0"><span class='ocrx_word' id='word_1_254' title='bbox 195 4027 349 4092; x_wconf 88' lang='lat' dir='ltr'><strong>odoratus.</strong></span> 
     </span>
    </p>

    <p class='ocr_par' dir='ltr' id='par_1_9' title="bbox 194 4124 1311 4534">
     <span class='ocr_line' id='line_1_34' title="bbox 243 4124 1308 4214; baseline -0.005 -18"><span class='ocrx_word' id='word_1_255' title='bbox 243 4135 283 4208; x_wconf 80' lang='lat'><strong>2,</strong></span> <span class='ocrx_word' id='word_1_256' title='bbox 308 4127 384 4193; x_wconf 83' lang='lat'><strong>698.</strong></span> <span class='ocrx_word' id='word_1_257' title='bbox 431 4125 534 4187; x_wconf 88' lang='lat' dir='ltr'><strong>Lectio</strong></span> <span class='ocrx_word' id='word_1_258' title='bbox 549 4124 697 4210; x_wconf 77' lang='lat' dir='ltr'><strong>feratur</strong></span> <span class='ocrx_word' id='word_1_259' title='bbox 723 4126 865 4190; x_wconf 89' lang='lat' dir='ltr'><strong>codicum</strong></span> <span class='ocrx_word' id='word_1_260' title='bbox 884 4128 968 4194; x_wconf 86' lang='lat' dir='ltr'><strong>Voss.</strong></span> <span class='ocrx_word' id='word_1_261' title='bbox 1000 4149 1061 4191; x_wconf 91' lang='lat' dir='ltr'><strong>non</strong></span> <span class='ocrx_word' id='word_1_262' title='bbox 1086 4127 1204 4204; x_wconf 89' lang='lat' dir='ltr'><strong>obstat,</strong></span> <span class='ocrx_word' id='word_1_263' title='bbox 1229 4149 1308 4214; x_wconf 91' lang='lat' dir='ltr'><strong>quo-</strong></span> 
     </span>
     <span class='ocr_line' id='line_1_35' title="bbox 196 4230 1311 4318; baseline -0.007 -14"><span class='ocrx_word' id='word_1_264' title='bbox 196 4242 298 4318; x_wconf 87' lang='lat' dir='ltr'><strong>minus</strong></span> <span class='ocrx_word' id='word_1_265' title='bbox 321 4230 517 4296; x_wconf 86' lang='lat' dir='ltr'><strong>scribendum</strong></span> <span class='ocrx_word' id='word_1_266' title='bbox 548 4232 584 4292; x_wconf 91' lang='lat' dir='ltr'><strong>sit</strong></span> <span class='ocrx_word' id='word_1_267' title='bbox 608 4231 805 4317; x_wconf 74' lang='lat' dir='ltr'><strong>foe-emor,-</strong></span> <span class='ocrx_word' id='word_1_268' title='bbox 835 4233 878 4296; x_wconf 87' lang='lat' dir='ltr'><strong>sic</strong></span> <span class='ocrx_word' id='word_1_269' title='bbox 908 4255 949 4296; x_wconf 84' lang='lat' dir='ltr'><strong>vs.</strong></span> <span class='ocrx_word' id='word_1_270' title='bbox 979 4233 1047 4297; x_wconf 81' lang='grc'><strong>694</strong></span> <span class='ocrx_word' id='word_1_271' title='bbox 1075 4245 1311 4318; x_wconf 77' lang='lat' dir='ltr'><strong>prouocatam</strong></span> 
     </span>
     <span class='ocr_line' id='line_1_36' title="bbox 194 4336 1309 4427; baseline -0.003 -20"><span class='ocrx_word' id='word_1_272' title='bbox 194 4350 227 4412; x_wconf 92' lang='lat' dir='ltr'><strong>in</strong></span> <span class='ocrx_word' id='word_1_273' title='bbox 260 4339 365 4406; x_wconf 88' lang='lat' dir='ltr'><strong>iisdem</strong></span> <span class='ocrx_word' id='word_1_274' title='bbox 398 4346 529 4399; x_wconf 71' lang='lat' dir='ltr'><strong>conaret</strong></span> <span class='ocrx_word' id='word_1_275' title='bbox 560 4336 692 4420; x_wconf 87' lang='lat' dir='ltr'><strong>legitur,</strong></span> <span class='ocrx_word' id='word_1_276' title='bbox 722 4336 804 4402; x_wconf 90' lang='lat' dir='ltr'><strong>unde</strong></span> <span class='ocrx_word' id='word_1_277' title='bbox 838 4350 990 4402; x_wconf 80' lang='lat' dir='ltr'><strong>constent</strong></span> <span class='ocrx_word' id='word_1_278' title='bbox 1017 4337 1103 4427; x_wconf 87' lang='lat' dir='ltr'><strong>(ergo</strong></span> <span class='ocrx_word' id='word_1_279' title='bbox 1127 4341 1211 4424; x_wconf 76' lang='lat' dir='ltr'><strong>quia</strong></span> <span class='ocrx_word' id='word_1_280' title='bbox 1235 4360 1309 4404; x_wconf 91' lang='lat' dir='ltr'><strong>cum</strong></span> 
     </span>
     <span class='ocr_line' id='line_1_37' title="bbox 194 4439 1310 4534; baseline -0.007 -15"><span class='ocrx_word' id='word_1_281' title='bbox 194 4439 402 4534; x_wconf 82' lang='lat' dir='ltr'><strong>subjunctivo)</strong></span> <span class='ocrx_word' id='word_1_282' title='bbox 436 4442 676 4528; x_wconf 86' lang='lat' dir='ltr'><strong>corrigendum,</strong></span> <span class='ocrx_word' id='word_1_283' title='bbox 713 4447 759 4511; x_wconf 91' lang='lat' dir='ltr'><strong>uti</strong></span> <span class='ocrx_word' id='word_1_284' title='bbox 790 4447 855 4512; x_wconf 83' lang='lat'><strong>692</strong></span> <span class='ocrx_word' id='word_1_285' title='bbox 890 4469 982 4533; x_wconf 87' lang='lat' dir='ltr'><strong>»quc</strong></span> <span class='ocrx_word' id='word_1_286' title='bbox 1005 4479 1048 4492; x_wconf 91' lang='lat'><em>-</em></span> <span class='ocrx_word' id='word_1_287' title='bbox 1071 4450 1210 4510; x_wconf 88' lang='lat' dir='ltr'><strong>currat.’&#39;</strong></span> <span class='ocrx_word' id='word_1_288' title='bbox 1258 4447 1310 4511; x_wconf 89' lang='lat' dir='ltr'><strong>Sic</strong></span> 
     </span>
    </p>
   </div>
   <div class='ocr_carea' id='block_1_7' title="bbox 0 0 1464 5044">
    <p class='ocr_par' dir='ltr' id='par_1_10' title="bbox 0 0 1464 5044">
     <span class='ocr_line' id='line_1_38' title="bbox 0 0 1464 5044; baseline 0 2"><span class='ocrx_word' id='word_1_289' title='bbox 0 0 1464 5044; x_wconf 95' lang='lat' dir='ltr'><strong> </strong></span> 
     </span>
    </p>
   </div>
  </div>
 </body>
</html>
