2874 5048
728 299 776 364 llll

205 500 390 589 sequente),
416 514 499 566 reete
520 513 623 565 tamen
658 499 734 564 dicit
757 523 793 564 ex
823 501 975 585 scriptura
1018 501 1164 566 codicum
1186 511 1314 568 senteu-

205 611 279 673 tiam
298 609 447 693 optimam
470 629 558 691 posse
579 607 659 672 elici.
710 608 830 690 Nempe
851 606 1043 691 subjunctivi
1070 607 1175 684 desit,
1208 605 1315 690 deffo-

202 719 307 805 giam
339 715 477 800 pendent
507 737 524 778 a
558 717 642 800 quin
664 718 800 780 vs.254.
859 713 898 776 Ut
927 714 1014 777 brevi
1046 737 1169 778 sensum
1202 713 1315 780 borum

206 834 237 887 et
270 845 385 885 nexum
418 843 491 885 cum
520 822 733 905 superioribus
761 821 993 899 demonstrem,
1037 820 1113 886 baec
1152 821 1210 885 sibi
1250 823 1316 885 rult

206 935 319 1013 potita:
343 929 368 991 si
397 928 486 992 dolor
524 940 554 993 et
594 949 667 991 acre
706 928 823 992 melum
851 928 890 992 ad
930 929 1138 992 extremitates
1176 927 1315 1012 corporis

207 1046 395 1120 penetrant,
428 1035 531 1098 omnia
561 1035 802 1117 perturbantur,
832 1035 909 1119 qnin
941 1035 1033 1098 etiarn
1071 1033 1185 1122 (usque
1215 1035 1314 1110 adeo,

89 1174 93 1182 =
169 1199 171 1206 ,
206 1143 228 1208 i.
251 1163 279 1210 e,
300 1141 340 1204 ad
360 1141 440 1204 illud
473 1163 572 1227 nsque
599 1141 756 1226 festigium
794 1143 910 1204 malum
943 1136 1067 1227 erescit)
1098 1143 1186 1206 loeus
1228 1141 1317 1204 deest

208 1247 289 1312 ritae
321 1259 351 1311 et
371 1248 416 1311 sic
447 1259 550 1332 partes
579 1248 702 1311 animae
729 1246 899 1332 diffugiunt
929 1268 1102 1330 ecorpore.
1151 1247 1204 1310 Sic
1229 1267 1317 1310 eom·

207 1352 565 1438 prehensiorerborum
596 1365 641 1417 est
675 1353 828 1431 rotunda,
860 1341 1006 1438 periodus
1043 1353 1131 1418 finita
1161 1365 1191 1418 et
1219 1351 1317 1418 nesius

154 1523 157 1530 ,
210 1479 282 1523 cnm
305 1461 508 1545 sequentibus
533 1459 738 1538 arctissimns3
771 1461 804 1522 in
826 1461 963 1523 lectione
990 1472 1099 1524 contra
1129 1461 1192 1524 sive
1213 1459 1317 1544 potius

211 1566 393 1650 conjectura
433 1567 616 1650 Forbigeri,
654 1568 741 1650 parri
781 1567 930 1630 momenti
977 1565 1101 1631 codices
1137 1567 1318 1652 sequentis,

210 1670 286 1736 licet
306 1671 390 1734 idem
411 1672 449 1735 sit
472 1693 599 1746 sensus,
629 1672 761 1755 abrupta
794 1683 838 1735 est
881 1672 998 1746 oratio,
1038 1683 1068 1736 et
1103 1673 1225 1757 ingrate
1258 1695 1318 1739 rss.

210 1780 276 1841 255
295 1779 327 1839 c
346 1783 388 1843 56
409 1801 427 1841 a
457 1779 680 1863 conjunctione
706 1799 778 1841 cum
810 1778 1067 1842 antecedentibus
1100 1779 1315 1855 divelluntur,

209 1885 294 1949 unde
319 1896 421 1949 tamen
453 1885 611 1968 pendent,
645 1907 845 1971 quorumque
866 1885 994 1949 effeetus
1016 1885 1191 1970 designant.

255 1992 288 2064 3,
301 1991 378 2054 306.
425 1990 574 2073 Imperite
602 2001 631 2052 et
650 1989 821 2075 incogitate
846 2002 970 2055 secutus
1002 2004 1047 2054 est
1068 1991 1217 2077 Forbiger
1238 1989 1313 2054 Wa-

209 2093 412 2172 lrefieldium,
443 2094 596 2161 edentem,
618 2097 773 2180 vaporis,
806 2118 904 2182 quum
938 2119 1000 2160 non
1031 2108 1153 2160 tanturn
1181 2119 1242 2162 sec.
1266 2096 1318 2161 al-

211 2213 312 2266 terurn
339 2204 540 2279 Vossiennm,
570 2203 712 2267 Lambini
746 2202 888 2280 codices,
921 2201 1062 2268 omnium
1104 2204 1326 2290 antiquiorum*

209 2331 415 2386 eonsensum,
442 2308 495 2374 sed
520 2323 550 2374 et
573 2330 665 2374 seusu
696 2311 874 2393 postulante
898 2311 1041 2395 pavoris
1064 2311 1102 2374 sit
1135 2309 1318 2396 legendum.

157 2427 160 2434 '
208 2417 346 2489 Etenim,
374 2437 441 2480 sec:
473 2415 646 2481 doctrinam
679 2417 815 2480 lucretii
834 2416 873 2480 tle
902 2418 1027 2494 animo,
1058 2417 1153 2480 animi
1181 2417 1320 2480 animae-

209 2544 273 2609 que
298 2535 433 2609 qnatnor
451 2533 523 2586 suut
544 2533 665 2605 partes,
683 2543 765 2608 qnae
785 2536 1077 2588 connumerantunr
1096 2546 1139 2587 rs.
1161 2523 1315 2588 270-72:

348 2754 365 2796 u
376 2730 433 2796 Sic
453 2733 538 2796 eelor
560 2743 661 2818 atque
678 2740 731 2797 eis'r
754 2744 785 2795 et
807 2706 890 2796 venti
916 2753 1011 2796 coeco
1026 2745 1177 2817 potestas

345 2839 464 2904 Mixto
485 2851 725 2904 orcomenam
755 2850 918 2904 uotorum
937 2851 968 2902 ot
986 2840 1109 2904 mobilis
1133 2841 1196 2904 olle

345 2946 421 3022 Vis,
442 2946 572 3010 irritum
590 2957 701 3009 motus
733 2945 775 3008 oh
807 2969 841 3008 se
868 2967 953 3032 quoe
972 2945 1100 3010 dividit
1123 2947 1239 3013 ollio.’'

256 3159 400 3224 Mobilis
422 3157 490 3222 itta
510 3160 560 3221 oio
581 3156 779 3245 (consilinm,
802 3157 944 3232 animus,
975 3178 1061 3221 mens
1094 3180 1136 3222 rs.
1175 3155 1317 3243 ree-43)

210 3276 256 3330 est
280 3264 402 3329 animae
423 3265 512 3350 quasi
533 3264 635 3327 anima
660 3263 717 3350 (rs.
741 3259 912 3349 276-82);
933 3275 1056 3328 ceterae
1085 3275 1204 3349 partes,
1241 3285 1321 3328 ren-

210 3383 283 3448 tus‚
306 3380 380 3448 etr,
406 3373 560 3448 simler,
590 3381 663 3434 sunt
692 3371 877 3435 commixtae
911 3392 967 3455 per
998 3380 1083 3434 artus
1114 3366 1253 3454 corporis
1286 3381 1318 3433 et

208 3479 241 3542 iu
282 3470 365 3542 aliis*
386 3465 565 3542 bominibus
604 3477 829 3542 animalibusre
861 3477 946 3541 aliud
990 3469 1110 3540 bornm
1142 3477 1319 3540 dominetur

210 3583 366 3672 (283-5).
415 3583 457 3646 lla
496 3583 703 3660 animalibus,
747 3585 780 3646 in
824 3582 973 3648 leonibus
1001 3582 1180 3648 dominatur
1213 3582 1319 3657 calor,

209 3692 295 3756 unde
318 3691 448 3756 leonum
468 3695 526 3754 ira
549 3687 753 3779 (zet-299),
776 3691 808 3753 in
841 3692 948 3754 cercis
979 3702 1088 3754 ventus
1118 3685 1318 3776 (300-302);

209 3800 242 3863 in
273 3798 376 3863 bnbus
402 3798 487 3863 calor
523 3810 553 3861 et
576 3810 684 3861 ventus
714 3809 788 3874 sunt
817 3799 975 3884 aequales.
1032 3795 1174 3880 lpsorum
1209 3807 1320 3859 natura

211 3903 518 3996 usqueincenditnr
554 3905 611 3968 irai
639 3905 708 3968 lece
738 3901 869 3990 (calore)
900 3923 1003 3990 neque
1034 3913 1137 3987 turpet
1164 3901 1233 3966 telis
1264 3921 1320 3984 pa·

211 4011 296 4076 voris
324 4011 434 4094 gelidis
456 4009 602 4098 (ventosis
623 4033 666 4076 vs.
693 4007 772 4096 300)
796 4011 817 4077 i.
840 4034 867 4077 e.
890 4021 993 4077 rento.
1041 4010 1124 4095 Ergo
1149 4029 1273 4093 ceper,
1295 4007 1320 4069 si

211 4119 357 4202 legatur,
380 4115 475 4180 debet
495 4116 673 4203 significare
693 4129 847 4196 *uentum
867 4117 921 4181 sed
943 4129 1052 4182 contra
1071 4128 1102 4179 et
1124 4136 1218 4199 vapor
1238 4131 1321 4177 som·

207 4243 273 4308 per
288 4222 456 4288 adbibctur
483 4245 574 4288 sensu
607 4225 738 4301 caloris,
762 4226 807 4288 uti
833 4245 931 4308 vapor
954 4225 1046 4302 solis,
1079 4234 1110 4286 et
1130 4221 1190 4286 bec
1211 4218 1319 4284 eedem

194 4329 442 4416 significatione
471 4331 502 4394 in
531 4329 592 4395 hac
619 4332 685 4416 ipsa
713 4331 849 4414 partium
874 4331 969 4396 animi
1004 4327 1240 4395 enumeratione
1273 4325 1321 4388 in·
