2874 5048
759 370 808 437 84

225 566 326 654 igitur
355 567 390 636 ,in
417 561 551 628 lectione
583 560 785 635 Ernestiaaa,
819 581 885 626 non
912 561 1035 628 multis
1066 565 1256 632 luminibus
1284 570 1340 632 in-

226 673 345 762 genii,
375 678 447 745 aut,
470 666 558 753 'quod
576 677 612 731 ot
634 665 806 752 simplicius
833 677 866 729 et
903 669 990 732 fratri
1021 669 1194 750 iracundo,
1230 679 1342 760 potitae

228 787 406 852 contemto,
437 773 526 839 cuius
557 770 681 854 judicio
714 781 885 837 assentatur
919 773 1045 839 timidus
1077 775 1206 856 Cicero,
1241 779 1343 866 magis

142 875 146 883 ’
228 893 470 949 consentaneum
500 877 637 952 ridetur,
663 877 882 971 scribendum:
917 879 1030 945 nullis
1063 881 1247 948 lurninihus
1279 887 1341 948 ἰπ-

225 989 348 1076 genii,
376 1007 471 1072 quam
493 982 759 1059 emendationem,
790 1004 854 1070 quo
885 985 982 1072 magis
1020 988 1181 1066 examino,
1215 1011 1253 1054 eo
1284 1013 1343 1055 ve·

227 1094 339 1159 riorum
360 1091 470 1159 haheo.
517 1090 658 1165 Etenim,
685 1101 721 1154 ut
743 1090 831 1155 brevi
857 1091 972 1156 iterum
1001 1093 1197 1159 contraham:
1229 1097 1341 1161 Cicero

227 1210 293 1264 erat
317 1198 463 1263 inimicus
493 1197 665 1284 Epicureae
705 1194 936 1281 philosophiae;
972 1199 1085 1286 agendi
1118 1202 1342 1289 cogitandique

131 1329 134 1334 ·
226 1307 352 1371 ratione
369 1316 435 1369 toto
458 1304 546 1368 coelo
569 1324 587 1366 a
610 1301 753 1366 Lucretio
771 1301 965 1388 discrepaus3
989 1305 1109 1370 nullam
1133 1327 1207 1372 cum
1225 1328 1262 1372 eo
1279 1329 1339 1372 ra·

224 1413 356 1478 tionem·
380 1409 533 1483 hahebat,
572 1428 653 1494 quae
690 1408 808 1472 scilieet
843 1409 967 1495 probari
1000 1411 1111 1492 possit:
1151 1412 1338 1500 Hieronymi
1409 1421 1412 1436 ⁴

225 1518 323 1582 enim.
340 1514 571 1591 narrationem,
605 1534 678 1577 cum
716 1512 853 1600 Berghio
888 1525 996 1582 contra
1030 1515 1218 1592 Siebelium,
1246 1519 1339 1584 fabu-

169 1607 178 1629 κ
228 1626 290 1688 lam
331 1643 442 1709 puram
487 1632 594 1706 putam
634 1640 698 1684 esse
738 1630 832 1705 puto,
888 1622 1022 1686 maxime
1066 1633 1193 1709 propter
1239 1647 1340 1711 argu-

225 1739 368 1794 mentum
398 1749 416 1791 a
449 1725 590 1803 silentio,
627 1723 732 1812 quod,
778 1725 804 1788 si
838 1745 990 1810 usquam,
1039 1726 1092 1792 hie
1127 1726 1220 1793 habet
1256 1751 1339 1794 auc-

226 1835 402 1909 toritatem,
428 1831 576 1896 Cicerone
603 1831 720 1916 quippe
738 1851 891 1915 nusquam
916 1832 1007 1908 alibi,
1037 1853 1140 1921 neque
1169 1836 1203 1898 in
1235 1833 1340 1921 philo·

226 1939 360 2022 sophicis
382 1937 509 2024 quidem
548 1935 602 2001 ubi
648 1937 776 2021 Epicuri
797 1935 1042 2022 philosophiam
1078 1940 1232 2026 exagitat,
1267 1963 1339 2006 ver·

226 2048 271 2110 ho
299 2042 481 2109 Lucretium
511 2051 713 2106 memorante.
772 2040 911 2118 Deinde,
949 2045 1090 2129 quamvis
1129 2045 1199 2131 quis
1237 2047 1336 2124 nolit,

226 2150 273 2216 uti
308 2147 390 2225 feci,
421 2148 475 2211 illa
500 2146 592 2211 verba
631 2146 765 2210 lumino
800 2148 942 2234 ingenii
970 2171 1132 2234 premere,
1165 2149 1199 2216 in
1237 2152 1336 2237 pluri·

224 2257 283 2322 bus
308 2267 412 2319 nmen
436 2251 598 2339 episodiis,
629 2273 710 2338 quae
739 2273 849 2336 poema
871 2252 1069 2341 distinguunt
1102 2266 1133 2320 et
1161 2256 1336 2334 illustrant,
1403 2317 1407 2325 .

225 2359 376 2442 majorem
408 2357 480 2422 artis
513 2357 546 2420 iu
576 2356 702 2421 Graecis
748 2357 899 2422 vertendis
942 2380 1036 2443 quam
1078 2360 1198 2448 ingenii
1226 2362 1335 2429 inaen-

224 2467 380 2551 tionisque
402 2462 527 2527 laudem
555 2462 700 2546 probavit·
726 2463 908 2543 Lucretius;
951 2466 995 2530 sio
1031 2489 1061 2534 v.
1095 2487 1124 2533 c.
1159 2465 1335 2553 pulcherri-

227 2595 276 2638 ma
313 2571 367 2635 illa
403 2568 569 2654 descriptio
602 2569 747 2632 sacrificii
790 2569 972 2656 Iphigeniae
1014 2573 1048 2636 iu
1092 2573 1173 2637 libro
1209 2573 1333 2657 primo,

225 2699 290 2742 non
328 2685 373 2740 est
406 2673 557 2750 dubium,
597 2673 675 2760 quin
722 2674 863 2740 desumto
905 2677 945 2741 sit
984 2700 1020 2742 ex
1065 2685 1154 2764 potita
1193 2678 1333 2764 cyclico,

225 2783 317 2848 hodie
339 2779 515 2867 deperdito,
540 2779 624 2865 quod
648 2791 751 2864 patet,
776 2783 802 2846 si
824 2804 984 2869 comparas
997 2783 1142 2871 Aeschyli
1163 2783 1332 2870 Agamem-

224 2911 340 2955 nonem
368 2911 411 2953 vs.
443 2888 644 2958 218-246.
672 2887 726 2951 ubi
761 2888 869 2953 eadem
904 2889 1009 2975 lyrico
1029 2892 1227 2964 reseruntur,
1252 2911 1333 2976 quae

223 2994 385 3063 Lueretius
400 2994 509 3078 epioe,
530 2991 632 3076 ipsum
651 2999 775 3077 potitam
800 2995 925 3080 epicum
943 3016 1024 3079 pone
1056 2996 1158 3060 iorsan
1182 3016 1332 3082 sequens,

205 3101 387 3188 'expressit;
421 3098 466 3164 sic
499 3097 666 3185 descriptio
708 3101 799 3184 pestis
837 3101 876 3166 ad
909 3102 1032 3189 singula
1066 3102 1131 3166 iere
1167 3101 1257 3167 rerba
1295 3123 1333 3166 ex

222 3204 403 3293 Thucydide
423 3216 467 3269 est
484 3206 651 3281 translata,
670 3205 770 3290 plura.
816 3205 983 3291 Denique,
1000 3207 1043 3283 si,
1068 3217 1103 3270 ut
1120 3216 1219 3291 patet,
1244 3205 1332 3272 cice-

223 3313 306 3380 ronis
328 3312 420 3376 rerba
436 3311 605 3377 continent
629 3332 809 3397 responsum
829 3310 868 3378 ad
886 3312 1045 3396 judicium
1069 3311 1178 3393 Quinti
1208 3309 1247 3375 de
1269 3312 1333 3375 Lu-

152 3490 155 3496 ,
222 3418 339 3493 cretio,
364 3416 445 3481 nihil
465 3417 530 3480 fere
556 3416 653 3502 magis
681 3416 759 3481 mihi
786 3416 885 3484 habeo
910 3439 1089 3505 persuasum
1121 3436 1217 3501 quam
1251 3415 1332 3481 illud

217 3523 395 3609 judicium,
415 3521 534 3604 Quinto
556 3522 810 3599 accommodate,
838 3525 931 3590 fuisso
967 3545 1127 3600 severum,
1151 3522 1329 3601 acerbum,

221 3630 277 3696 coi
311 3650 410 3714 quum
450 3626 596 3704 timidus,
633 3627 798 3715 fratrisque
834 3627 1016 3695 iracundiae
1049 3649 1191 3693 reverens
1220 3626 1330 3692 Cicero

220 3735 445 3808 subscriberet,
476 3753 594 3818 aequus
633 3732 730 3818 ipsius
761 3734 883 3800 animus
915 3745 1019 3800 tamen
1049 3755 1112 3798 non
1146 3731 1327 3810 cessaverit,

93 3910 99 3918 ,
218 3843 337 3908 donec,
361 3834 576 3926 μιλὶγμᾳτα,
609 3837 792 3904 addidisset:
831 3841 961 3906 multoe
999 3852 1112 3920 tomen
1147 3838 1249 3904 ortis.
