2874 5048
718 354 803 442 ⁸rs

264 557 332 620 Jam
350 549 591 634 Harercampius
612 547 706 610 sensit
718 547 921 630 scrupulum,
936 569 1068 633 rogans:
1095 552 1276 618 noredasne
1297 552 1334 616 id

218 660 353 725 voluisse
382 659 514 724 Carum:
545 654 694 740 quoniam
725 673 807 716 mors
834 651 866 716 ld
905 654 1011 717 eximit
1045 668 1075 718 et
1108 657 1254 741 prohibet
1287 661 1334 722 il-

217 769 284 832 lum
317 787 383 828 esso
411 773 501 826 antea
535 761 650 835 luisse,
682 758 733 822 cui
758 759 920 842 possint?”
939 773 1000 828 eto.
1058 763 1141 828 llaec
1171 777 1332 830 structura

217 883 325 957 aperto
352 881 397 934 est
424 867 573 942 absurda,
598 864 651 929 sed
678 864 759 930 duae
785 865 865 929 aliae
894 877 1031 943 restant,
1064 891 1198 954 quarum
1224 882 1331 936 tamen

217 989 329 1043 neutra
359 975 483 1040 suffieit.
530 974 717 1039 Construere
748 971 864 1056 possis:
901 974 1078 1056 »prohibet
1117 998 1203 1052 esso,
1236 978 1331 1040 illum

218 1096 308 1150 antea
338 1084 453 1156 fuisse,
482 1080 533 1146 cui
565 1080 705 1163 possint”
726 1089 789 1146 etc.
820 1078 842 1143 i.
864 1100 891 1146 e.
923 1081 1072 1166 quoniam
1107 1081 1189 1145 mors
1212 1083 1333 1146 ‘eximit

217 1203 250 1255 et
279 1187 424 1275 prohibet
445 1187 475 1251 id
495 1207 582 1262 esso,
607 1187 749 1262 seilicet,
773 1187 916 1250 eumeni
939 1185 1331 1271 possint-anleafuisso.

219 1298 279 1360 Per
300 1292 488 1382 synchysin‚
508 1292 583 1356 licet
614 1291 744 1366 dorius,
777 1291 871 1356 eliam
898 1290 957 1357 hac
981 1295 1101 1358 ratione
1127 1295 1220 1358 rerba
1251 1294 1330 1377 jun-

221 1423 292 1488 gas:
320 1400 497 1486 »quoniam
517 1419 599 1460 mors
619 1398 727 1460 eximit
750 1397 782 1460 id
806 1419 872 1460 esse
896 1410 926 1461 et
951 1398 1212 1483 prohibetillum
1236 1411 1331 1464 antea

219 1508 332 1583 luisse,
362 1504 413 1570 oui
436 1505 574 1590 possint”
594 1515 655 1570 etc.
680 1504 726 1567 uti
750 1503 833 1587 apud
865 1505 1049 1569 Horatium:
1074 1529 1090 1568 u
1105 1529 1240 1593 namquo
1263 1508 1330 1590 pila

220 1614 314 1699 lippis
336 1612 500 1677 inimicum
527 1622 557 1674 et
576 1595 684 1674 ludere
716 1609 865 1687 crudis;''
896 1610 979 1694 apud
1000 1595 1180 1677 Tibullum:
1213 1615 1331 1677 »illes-

221 1722 316 1785 salam
349 1719 433 1783 terrd
474 1718 549 1782 dum
590 1717 795 1804 sequiturque
832 1717 944 1782 mari.”
1004 1719 1039 1780 ln
1074 1719 1190 1784 utravis
1221 1731 1328 1784 autem

220 1836 377 1890 structura
405 1847 500 1889 unam
530 1835 651 1888 tantum
679 1815 968 1899 adnotationem,
999 1847 1061 1909 qua
1101 1847 1138 1888 ex
1170 1826 1328 1910 scriptura

219 1933 384 2009 codicum,
407 1931 536 1996 idonens
558 1929 712 2017 quispiam
731 1951 838 1992 sensus
859 1929 930 1992 elici
950 1931 1065 2013 possit,
1087 1931 1185 2014 posita
1206 1933 1327 1996 scilicet

218 2035 473 2120 interpunctione
502 2047 571 2119 post
600 2035 800 2110 conciliari,
829 2033 891 2098 hoc
909 2057 1020 2100 sensu:
1043 2037 1134 2100 illum
1152 2036 1230 2122 (sire
1252 2059 1328 2102 con-

219 2155 337 2220 struas,
360 2142 506 2227 prohibet
533 2161 600 2204 esse
620 2142 731 2218 illum,
764 2141 828 2204 sire
859 2142 921 2206 ita:
952 2143 983 2206 id
1016 2164 1083 2206 esse
1120 2152 1154 2206 et
1182 2141 1328 2226 prohibet

218 2246 348 2334 illum),
373 2249 424 2312 cui
455 2247 654 2312 incommoda
677 2247 797 2332 possint
818 2248 999 2323 conciliari,
1020 2259 1113 2312 antea
1137 2248 1232 2312 fuisse
1252 2247 1328 2314 haec

219 2355 326 2422 eadem
348 2352 400 2442 (ex
424 2354 534 2418 iisdem
558 2354 720 2419 elementis
741 2349 965 2439 compositum)
988 2355 1140 2440 equibus
1166 2375 1251 2419 nune
1271 2377 1328 2418 nos

216 2483 333 2528 sumus.
382 2461 554 2524 Probabilis
575 2461 704 2546 quidem
732 2481 858 2536 sensus,
895 2460 949 2523 sed
984 2460 1129 2545 displicet
1156 2473 1260 2525 temen
1292 2463 1325 2532 in

220 2565 281 2631 hac
304 2568 367 2630 loci
389 2567 648 2649 interpretatione
670 2566 751 2630 illud
784 2589 864 2643 nos,
888 2589 986 2653 quum
1010 2567 1051 2630 do
1074 2569 1166 2633 tertio
1190 2567 1325 2654 quodam

181 2700 184 2708 ’
218 2682 312 2758 poeta
341 2657 504 2758 loquatur:

263 2778 314 2842 Uti
334 2799 410 2842 vero
439 2777 588 2862 Forbiger
618 2784 658 2841 et
677 2775 905 2842 Wakefieldius
943 2789 1149 2855 construunt,
1192 2800 1322 2864 nempe:

217 2884 415 2950 incommoda
438 2882 515 2948 haec
546 2883 671 2959 eadem,
697 2884 849 2970 equibus
870 2906 926 2947 nos
948 2905 1035 2948 nnnc
1061 2888 1167 2948 sumus
1182 2890 1216 2964 ;’'
1245 2883 1326 2950 istuc

219 2989 376 3080 equibus
385 2991 473 3054 nuno
495 3011 555 3052 roos
578 3010 711 3066 sttruos,
737 2990 757 3056 i.
784 3013 810 3056 e.
837 3013 853 3054 e
877 2990 991 3076 quibus
1014 2991 1221 3056 incommodis
1241 3011 1325 3055 nunc

219 3119 274 3162 nos
314 3097 457 3161 samueli
507 3105 616 3179 utpote
642 3117 773 3179 prorsus
805 3097 967 3180 ineptum,
1010 3108 1094 3160 recte
1126 3119 1144 3160 a
1177 3097 1326 3161 Lambino

223 3201 394 3278 Cracchio,
418 3202 504 3278 aliis,
528 3203 688 3285 explosum
708 3214 763 3267 est.
812 3203 874 3281 Qui
895 3203 936 3265 ita
958 3204 1130 3279 construit,
1155 3203 1326 3267 necessario

220 3308 314 3373 debet
341 3308 487 3392 amplecti
517 3307 730 3389 conjecturam
755 3307 915 3371 Lambini:
954 3310 992 3370 irs
1021 3307 1143 3394 quibm
1180 3321 1211 3372 et
1240 3331 1326 3373 nune

218 3436 414 3477 noscamus
437 3412 538 3499 (etex
569 3413 692 3498 aliquot
718 3412 804 3475 libris
837 3413 921 3475 mstis
952 3413 1111 3490 Lambini,
1145 3416 1180 3476 in
1212 3415 1324 3497 repeti-

146 3522 156 3540 *
218 3533 285 3585 tum
317 3541 353 3584 ex
381 3519 581 3583 antecedenti
612 3519 701 3580 litera
740 3515 799 3603 m).
857 3519 956 3582 Etiam
990 3518 1048 3583 hac
1076 3521 1110 3583 in
1146 3521 1326 3605 conjectura
1419 3551 1420 3554 ¹

219 3627 386 3690 Lambinus
417 3623 551 3688 ostendit
574 3645 641 3696 eam
682 3646 713 3710 se
761 3625 839 3687 viam
876 3635 1004 3704 tenere,
1035 3647 1129 3711 quam
1160 3649 1193 3690 se
1220 3639 1326 3691 tenore

219 3734 320 3807 vello,
355 3731 510 3815 protessus
532 3741 620 3806 erent
655 3729 723 3793 ride
746 3721 843 3814 ipsius
877 3731 971 3794 verba
990 3732 1083 3794 allato
1110 3731 1147 3794 ad
1178 3750 1220 3796 rs.
1250 3733 1323 3797 738.

263 3839 318 3901 llis
337 3836 482 3920 expositis
504 3847 665 3919 superest,
695 3848 730 3899 ut
754 3837 809 3913 iis,
829 3837 944 3923 quibus
969 3837 1055 3901 nulla
1085 3836 1196 3900 harum
1231 3838 1326 3921 expli·

221 3943 379 4007 cationum
398 3941 551 4018 sufficiat,
572 3941 817 4025 probabiliorem
846 3943 1111 4026 interpretationis
1139 3943 1219 4008 riam
1240 3963 1324 4006 mon-

219 4061 372 4124 stremus;
397 4068 529 4133 eamque
558 4048 647 4111 nohis
666 4049 822 4112 invenisse
854 4049 995 4113 ridemur
1023 4047 1238 4125 emendando,
1271 4069 1325 4133 pro

218 4175 279 4219 nor
301 4173 436 4228 rumne,
462 4149 650 4238 (nussumus)
673 4147 868 4223 noscimur(
898 4154 965 4218 Hac
987 4155 1108 4218 ratione
1139 4153 1238 4217 omnis
1270 4151 1325 4218 dif-

219 4260 341 4324 licultas
367 4258 489 4323 sublata
517 4279 582 4322 esse
610 4260 744 4325 ridetur.

264 4367 427 4429 Structnra
450 4376 513 4428 cst:
543 4367 691 4452 quoniam
722 4387 804 4429 mors
832 4365 865 4429 id
885 4366 991 4430 eximit
1012 4379 1044 4430 et
1070 4365 1216 4450 prohibet
1236 4367 1324 4429 illum

221 4469 309 4549 esso,
342 4471 394 4534 cui
422 4472 619 4536 incommoda
653 4469 730 4535 haec
761 4472 891 4551 eadem,
928 4496 964 4538 ex
995 4473 1109 4559 quibus
1142 4493 1228 4538 nuno
1255 4493 1326 4536 nos·
1419 4549 1420 4556 ἵ
