2874 5048
635 344 775 406 ⁷7-

113 562 182 618 me‚
217 540 390 609 multorom
432 556 574 602 errorum
609 534 863 620 injustorumque
891 538 1093 621 querelarum
1123 539 1222 604 homi·

112 647 205 712 nibus
222 646 291 710 fons
322 657 378 711 cst.

159 755 282 830 3,956.
334 752 403 815 Non
435 749 503 812 fero
528 745 632 811 istud:
646 745 754 832 ficem
790 745 880 809 vitoe
899 747 1030 832 jocero.
1087 750 1225 829 Iacere,

113 858 160 922 uti
192 857 330 943 pluries,
351 876 408 942 pro
430 853 623 941 prqp‘a'core3
656 850 709 915 scd
735 853 838 936 potius
866 863 1023 937 exspectet
1057 856 1126 940 quis
1157 879 1226 921 ver·

84 1027 87 1030 ,
113 965 191 1028 bum
222 962 307 1050 quod
328 962 517 1046 exprimeret
537 957 693 1025 contrarie
714 958 888 1042 oppositam
909 959 1090 1038 notionem,
1111 983 1224 1047 nempe

116 1089 241 1135 sensum
263 1067 410 1154 optandi,
432 1065 617 1152 flagitandi,
640 1064 787 1149 petendi,
814 1064 943 1129 minime
961 1087 1033 1129 vero
1052 1067 1225 1151 projicien-
1275 1055 1277 1058 ⁵

114 1174 166 1251 di,
191 1171 444 1260 derelinquendi.
492 1170 641 1255 Suspicor
674 1169 827 1234 levissima
852 1171 1024 1235 mutatione
1054 1170 1226 1257 legendum

110 1293 200 1345 esse:
219 1283 310 1345 vitoe
335 1278 562 1365 fonomjocie
581 1288 682 1364 atque
710 1275 856 1352 tatoris,
890 1288 920 1340 et
947 1276 1065 1361 funem
1105 1278 1226 1346 dictum

117 1409 184 1451 esse
215 1407 272 1470 pro
301 1385 440 1465 fenoli,
472 1382 644 1468 lampade,
679 1380 853 1468 eademque
883 1382 1066 1467 metaphora
1088 1382 1142 1449 nte
1175 1387 1223 1450 nti

117 1493 298 1558 Lucretium
316 1503 412 1578 atque
440 1491 553 1575 supra:
580 1490 667 1553 vitai
699 1486 862 1573 lampada
893 1489 1056 1567 tradunt,
1088 1491 1162 1555 notai
1188 1514 1225 1556 ex

117 1596 287 1664 notissimo
318 1597 455 1662 Platonis
497 1597 529 1658 in
568 1595 731 1680 republica
766 1595 836 1658 loco
872 1593 912 1657 de
950 1594 1224 1679 lampadophoriis.

118 1705 241 1770 Fortem
274 1724 331 1788 pro
357 1702 479 1787 sanati
507 1702 582 1786 poni
614 1702 772 1766 neminem
801 1699 1034 1788 offendct‚.qui
1065 1714 1226 1788 comparet

69 1877 72 1880 ,
119 1813 226 1874 locum
257 1808 405 1875 Varronis
438 1808 477 1871 dc
501 1809 562 1871 vita
587 1829 661 1892 pop.
683 1808 775 1872 Rom.
813 1806 964 1871 »facibus
1001 1819 1056 1872 out
1095 1809 1227 1874 candela

115 1914 251 2001 simplici
274 1925 328 1978 aut
360 1935 396 1977 cx
424 1909 592 1996 funiculo
627 1913 729 1989 facta,
773 1933 845 1975 cera
878 1913 1005 1989 vestita,
1045 1914 1159 2000 quibus
1190 1935 1226 1980 ea
1331 1951 1335 1962 ·

118 2021 277 2108 figebant,
319 2020 519 2105 appellarunt
543 2020 707 2097 funalia;’'
746 2017 827 2092 adde
861 2018 1004 2084 Vossium
1032 2020 1065 2083 in
1098 2022 1224 2107 etymol.
1303 2089 1306 2094 ,

119 2129 190 2192 Non
213 2148 295 2212 nego
327 2125 473 2213 equidem
493 2124 613 2210 litarem
632 2123 685 2188 hic
720 2125 813 2188 etiarn
852 2126 979 2208 proprio
1014 2147 1106 2191 sensu
1137 2148 1226 2211 posse

118 2233 219 2317 accipi
249 2255 307 2317 pro
333 2233 427 2308 fune,
455 2253 519 2317 qno
549 2230 629 2295 vitae
655 2230 775 2315 alligati
798 2250 923 2307 sumus,
948 2230 1033 2316 quod
1054 2242 1225 2298 tractuma

121 2339 290 2426 jumentis,
315 2360 396 2425 quae
416 2339 516 2402 laxato
544 2338 621 2401 func
652 2336 752 2400 libere
775 2347 950 2422 vagantur,
975 2336 1019 2400 uti
1042 2337 1125 2421 apud
1150 2337 1226 2402 Per-

115 2449 198 2512 sium
221 2446 363 2523 5,118;Ι
384 2457 497 2532 »quae
527 2443 673 2509 dederam
705 2465 798 2527 supra
837 2453 945 2526 repeto
969 2443 1144 2529 funemque
1176 2466 1225 2510 re·

117 2554 243 2630 duco;’'
271 2550 325 2616 sed
352 2551 439 2635 prius
461 2561 620 2634 praestare
651 2547 728 2612 mihi
751 2548 883 2614 videtur.
1172 2634 1176 2645 ι

163 2663 194 2734 3,
208 2659 286 2724 991.
334 2655 367 2719 si
395 2655 465 2741 quis
485 2655 646 2743 Forbigeri
668 2675 801 2721 acumen
829 2653 978 2720 admirari
1008 2653 1110 2733 votet,
1142 2656 1226 2743 legat

119 2764 186 2848 ejus
210 2761 455 2827 annotationem.
498 2761 691 2825 Restituatur
714 2760 842 2823 omnino
863 2779 899 2822 cx
925 2756 1105 2822 codicibus:
1128 2771 1228 2848 atque

117 2893 153 2934 oo
172 2869 352 2946 nimirum.

163 2979 195 3053 3,
209 2973 376 3040 1000-04.
411 2973 557 3038 Mutanda
578 2986 623 3039 cst
645 2971 877 3057 interpunctio,
900 2982 931 3035 et
955 2970 1112 3036 distinctio
1134 2973 1228 3056 plena

117 3079 263 3167 ponenda
289 3090 359 3164 post
384 3091 489 3144 acutat
507 3102 554 3146 vs.
576 3083 683 3158 1000;
717 3078 878 3165 sequentia
906 3076 1071 3164 jungenda
1090 3088 1120 3141 ct
1142 3098 1228 3142 com·

118 3211 167 3252 ma
192 3186 294 3270 potius
321 3184 503 3270 ponendum
524 3198 592 3271 post
620 3186 732 3250 orbem
750 3207 793 3251 vs.
817 3187 913 3251 1002.

164 3296 194 3370 3,
210 3294 289 3358 907.
337 3290 400 3356 Aut
421 3314 501 3355 riom
529 3294 616 3357 more
642 3292 835 3358 Graecorum
859 3290 993 3374 positum
1008 3301 1072 3366 est,
1092 3311 1228 3376 quorum

121 3387 187 3484 γάρ
231 3419 323 3483 saepe
365 3398 533 3483 respondet
573 3399 635 3463 ittis
677 3419 758 3485 quae
796 3395 1013 3480 praetermissa
1057 3407 1131 3460 aunt
1173 3394 1228 3460 sed
1275 3467 1278 3474 ,

118 3502 382 3589 subintelligenda
423 3502 499 3592 (quo
540 3517 695 3583 assumto,
737 3502 895 3587 conjicere
928 3503 994 3567 fere
1013 3501 1105 3578 licet,
1136 3500 1229 3565 hacc·

123 3629 159 3672 cc
192 3606 354 3692 desumpta
396 3632 462 3674 esse
499 3633 536 3674 ex
576 3612 699 3677 Graeco
751 3609 886 3697 quodam
935 3616 1094 3692 poc'matc,
1139 3607 1228 3671 nobis

120 3735 182 3776 non
205 3712 404 3802 superstite);
433 3729 508 3794 aut,
539 3739 575 3781 cx
606 3717 699 3784 Vind.
730 3728 759 3780 ct
778 3713 994 3801 Lugdunensis
1019 3712 1112 3798 primi
1130 3713 1228 3798 scrip·

118 3833 187 3884 tura
231 3823 380 3899 amiam,
430 3821 631 3887 scribendum
657 3823 816 3908 jamjam
852 3821 874 3884 i.
914 3842 941 3887 e.
982 3821 1074 3884 instat
1108 3830 1229 3903 tempus

118 3947 216 4012 quum
236 3911 297 3993 ctci

165 4037 195 4109 3,
213 4035 291 4100 979.
348 4034 475 4099 Minime
498 4032 704 4100 dubitandum
722 4044 768 4098 est
789 4045 896 4099 utrum
918 4044 1003 4097 recte
1032 4053 1097 4097 sese
1118 4031 1230 4099 habeat

119 4137 268 4204 deditur.
316 4139 502 4224 Requiritur
531 4137 585 4205 hic
615 4141 743 4204 omnino
761 4139 816 4204 itta
835 4139 940 4217 notio,
961 4160 1041 4225 quae
1060 4139 1140 4201 inest
1155 4159 1230 4202 vcr-

121 4245 161 4309 bo
179 4239 313 4309 dedere.
357 4246 505 4339 dolemus
536 4248 620 4312 enim
654 4259 700 4311 est
728 4247 860 4311 verbum
886 4245 919 4308 in
946 4263 1119 4328 poenarum
1140 4264 1230 4309 exac·
1339 4235 1344 4256 '

122 4351 228 4429 tione,
256 4351 303 4416 nti
334 4363 420 4437 patet
443 4375 479 4417 ex
501 4353 671 4432 dedititiis,
692 4355 748 4441 qui
776 4375 808 4418 se
838 4371 976 4438 suaque,
994 4348 1098 4414 divina
1117 4361 1148 4415 et
1170 4349 1230 4416 hu·

122 4478 231 4536 mana,
258 4455 476 4538 tradiderunt,
504 4482 540 4526 ex
571 4481 670 4528 noxae
699 4460 830 4537 deditis,
869 4475 984 4542 nempe
1022 4457 1136 4534 serris,
1176 4453 1232 4544 qui
