2920 5044
648 365 689 426 51

116 567 192 630 haec
228 584 302 628 oum
336 581 449 646 magna
479 557 693 643 indignatione
723 580 785 623 esse
813 558 915 636 dicta,
945 560 1007 644 qud
1039 565 1249 628 contrarium,
1316 600 1319 605 ·

118 674 210 757 plane
245 680 339 755 atque
369 664 460 752 quod
491 664 583 729 nudis
615 665 715 730 verbis
753 664 965 750 significatur,
996 667 1128 732 innuere
1159 671 1230 735 velit

115 785 216 863 poeta.
258 774 326 842 ,Sed
345 769 502 860 quomodo
520 770 617 842 nileil
639 770 777 834 ‹lnleine
800 772 832 836 in
856 771 971 834 nihilo
994 771 1110 849 dnloe,
1133 775 1228 840 facil·-

119 885 230 947 limum
261 880 293 944 in
322 878 467 951 difficile,
490 877 577 940 abire
594 877 748 961 potuerit,
770 875 913 962 equidem
938 899 999 942 non
1028 879 1127 965 capio.
1172 882 1231 946 Per

118 1013 150 1054 se
181 998 282 1073 patet,
313 994 423 1050 nostra·
444 983 661 1070 emendatione
689 993 828 1068 recepta,
861 1005 915 1048 vsu
950 987 991 1050 13
1026 981 1149 1070 signum
1177 987 1231 1052 in-

119 1093 335 1180 terrogationis
366 1113 430 1154 esse
455 1088 645 1175 ponendum.
740 1122 742 1127 ·

164 1203 203 1277 2,
231 1201 283 1264 16.
330 1198 446 1272 Recte,
465 1205 558 1280 puto,
580 1194 723 1260 codicum
741 1195 905 1270 lectionem
929 1197 1061 1261 restituit
1079 1208 1109 1262 et
1126 1197 1232 1262 defen·

49 1299 50 1303 ¹
120 1307 165 1372 dit
186 1303 379 1383 Lambinus„
400 1301 527 1366 Scilicet
553 1322 691 1364 »nonne
714 1301 848 1378 cidere,
872 1303 935 1378 ait,
961 1303 1059 1367 oratio
1084 1315 1128 1368 est
1143 1326 1231 1389 prae·

121 1414 183 1480 cisa
217 1423 247 1474 ct
283 1409 463 1484 decurtata,
495 1408 581 1492 quali
609 1408 652 1472 uti
687 1409 789 1473 solent
821 1409 855 1472 in
886 1410 1169 1492 perturbationibus
1201 1425 1232 1476 et

120 1515 406 1604 indignationibus,
434 1514 564 1598 proinde
592 1535 628 1577 ac
658 1515 681 1578 si
711 1514 852 1592 dixisset;
877 1515 961 1579 itane
987 1527 1058 1579 sunt
1083 1517 1168 1582 caeci
1199 1529 1232 1584 ut

62 1649 73 1675 Ν
121 1647 183 1710 non
212 1603 367 1687 rideant.'’
415 1620 473 1684 Sed
503 1620 714 1684 haerendum
739 1622 773 1684 in
801 1633 841 1682 nt
861 1623 940 1708 eni,-
975 1642 1037 1685 non
1068 1623 1150 1687 enim
1177 1645 1231 1688 na·

121 1745 190 1796 tura
207 1731 264 1794 sibi
284 1728 402 1813 poscit,
426 1739 477 1802 ot,
500 1727 575 1803 itte,
595 1749 610 1789 a
637 1725 728 1809 cujus
749 1749 879 1812 corpore
899 1727 977 1790 absit
996 1727 1105 1803 dolor,
1126 1739 1232 1794 rnente

13 1861 15 1866 ·
122 1841 243 1904 fruatur
256 1834 398 1919 jucundo
419 1851 529 1909 sensu,
552 1833 604 1897 sed
630 1835 686 1897 eibi
707 1835 823 1916 poscit,
847 1846 881 1898 ut
908 1845 940 1896 et
965 1856 1129 1918 acorpore
1146 1834 1234 1899 dolor

121 1945 216 2020 absit,
234 1952 266 2004 et
285 1963 320 2004 ex
336 1940 472 2005 absentia
491 1939 605 2004 doloris
617 1940 759 2024 jucundo
776 1963 867 2005 sensu
886 1941 1007 2005 animus
1023 1941 1156 2006 fruatur.
1180 1941 1234 2006 Sic

121 2051 275 2135 Epicurus
295 2049 377 2110 inter
404 2047 462 2110 alia
490 2046 523 2111 in
546 2046 673 2128 epistota
698 2046 737 2112 ad
762 2049 961 2137 Menaceeum
981 2047 1145 2132 conjungit
1164 2069 1234 2111 eor·

68 2221 74 2226 ,
124 2179 181 2243 pas
210 2166 240 2219 et
270 2163 432 2218 mentem:
457 2139 607 2236 σώματος
641 2143 747 2234 ὑγιεία
768 2154 825 2215 καὶ
846 2148 955 2242 ψυχῆς
978 2143 1142 2240 ἀταραξία
1176 2146 1235 2218 τοῦ

122 2259 292 2350 μακαρίως
314 2253 375 2343 ζῆν
397 2257 464 2322 ἐστι
484 2257 585 2332 τέλος.
634 2255 687 2320 Sic
712 2241 804 2319 etiam
836 2267 939 2320 noster
966 2277 1054 2320 versu
1082 2258 1125 2321 20
1145 2277 1233 2342 seqq.

123 2367 243 2432 disserit
267 2365 306 2430 de
321 2365 376 2440 iis,
400 2363 513 2449 quibus
532 2362 570 2427 ad
592 2383 773 2446 corpoream
797 2375 939 2427 naturam
962 2385 1038 2448 opus
1059 2373 1121 2441 est;
1146 2385 1233 2428 versu

10 2561 12 2564 Ι
125 2476 166 2536 37
186 2492 255 2557 sqq.
284 2470 323 2535 dc
348 2470 404 2545 iis,
439 2490 518 2554 quae
540 2469 661 2532 animus
686 2467 847 2534 desiderat.
896 2468 976 2532 Hinc
1004 2469 1100 2552 magis
1121 2469 1234 2554 magis-

123 2599 185 2664 que
202 2577 356 2643 stabititur
374 2597 469 2661 penes
487 2597 537 2638 me
555 2571 749 2656 conjectura,
768 2572 808 2644 de
827 2595 889 2658 qua
906 2573 1022 2639 dictum
1043 2573 1080 2638 ad
1104 2581 1135 2650 l,
1150 2577 1232 2652 756,

125 2694 156 2747 et
181 2684 317 2766 suspicor
343 2681 429 2746 hunc
460 2703 523 2746 esse
552 2681 612 2746 loci
643 2676 785 2746 sensum:
816 2681 902 2745 itane
925 2702 1036 2744 caecos
1057 2692 1103 2745 est
1120 2679 1232 2760 homo,

125 2801 161 2853 ut
187 2810 250 2852 non
270 2787 398 2866 rideat,
432 2799 574 2852 naturam
609 2785 687 2850 nihil
714 2786 797 2850 alind
832 2787 890 2850 eibi
923 2807 1050 2871 poscere
1077 2808 1171 2873 qnam
1199 2799 1235 2852 ut

125 2895 227 2979 aliqua
258 2894 378 2958 ratione
421 2892 454 2981 (i.
489 2915 515 2958 e.
549 2914 738 2978 quacunque
772 2893 890 2958 ratione
925 2891 985 2957 hoo
1022 2893 1090 2956 fieri
1125 2890 1231 2979 possit)

99 3056 100 3059 ,
124 3023 261 3084 corpore
287 3001 443 3086 sejunctus
472 2999 561 3063 dolor
587 2999 685 3075 absit,
712 3009 820 3061 mente
850 3021 920 3063 vero
948 3000 1002 3064 ille
1032 3001 1153 3063 fruatur
1176 3000 1234 3083 ju-

126 3106 229 3172 cundo
257 3109 368 3181 senaa,
401 3117 534 3170 semotus
561 3126 578 3169 a
600 3105 682 3169 curis
706 3117 736 3170 et
759 3118 854 3172 metu.

101 3224 114 3234 ⁴
171 3213 319 3288 Semotu,
352 3222 387 3274 ut
420 3199 518 3275 obiter
549 3232 711 3288 moneam,
749 3222 883 3306 nonest
909 3210 1027 3275 Gitanii
1056 3211 1236 3294 conjectura

126 3317 177 3382 sed
202 3317 361 3393 Lambini,
387 3337 480 3402 quam
501 3329 601 3382 tamen
622 3317 746 3382 Gitanio
767 3317 947 3384 adscribunt
973 3317 1100 3404 Preiger
1118 3329 1150 3382 et
1168 3318 1236 3383 Sie-

126 3424 219 3510 hetis‘:
246 3445 265 3487 o
287 3423 540 3509 anticipationem
558 3423 698 3486 Lambini
721 3424 761 3487 ob
789 3424 870 3488 forta
892 3423 1009 3488 Gitanii
1029 3423 1234 3510 indignantia!

171 3534 210 3607 2,
235 3515 370 3598 40-45.
418 3531 549 3596 Huncce
574 3531 677 3594 iocum
709 3531 751 3596 ita
781 3530 980 3596 scribendum
1012 3552 1076 3596 ease
1105 3552 1236 3616 persna-

124 3657 192 3702 sum
214 3637 330 3700 habeo:

218 3841 258 3908 Se'
281 3867 347 3907 non
362 3842 483 3930 sorte,
511 3857 589 3908 tene
613 3845 762 3931 legiones
780 3866 846 3928 per
871 3844 942 3910 leco
959 3846 1073 3932 compl

217 3950 359 4014 Feroere
381 3974 463 4014 enm.
479 3951 593 4014 aldeae
616 3950 699 4014 belli
723 3951 914 4014 simulacre
932 3955 1078 4030 cientes,

218 4056 285 4120 Hie
304 4057 372 4120 titt
393 4070 467 4121 tem
490 4057 589 4121 relano
613 4057 810 4142 timefactae
829 4058 1017 4146 religiones
1050 4089 1052 4094 ·

216 4162 412 4251 Effugient
435 4168 552 4230 animo
567 4165 739 4250 pavidae,
762 4167 950 4252 mortisque
972 4168 1113 4230 timores

218 4267 303 4332 Tarm
326 4293 469 4335 vaenum
493 4283 624 4360 tempere
649 4270 812 4358 linquent
830 4266 977 4356 cn'roqne
995 4268 1167 4347 ιιιῐιιιιιιιι,ν

217 4374 359 4440 Feroere
382 4400 456 4440 enm
480 4376 595 4442 violens
616 4379 757 4443 elnonem
780 4379 909 4464 loteqne
933 4379 1071 4464 angori.
