2874 5048
640 337 687 400 67

113 533 308 600 conditiones
335 530 368 592 in
403 539 558 612 posterum
588 527 751 602 existendi,
779 529 973 597 desideraret.
1022 533 1103 620 Ergo
1131 537 1222 602 absu-

112 641 203 705 rdum
224 638 348 702 dixisset
371 634 551 712 Lueretius3
578 633 662 718 quod
688 634 719 696 in
743 642 833 718 poeta
855 646 916 700 tam
943 639 1121 723 perspicuo,
1153 664 1223 707 sen·

110 769 163 813 sus
189 741 365 810 communis
395 740 574 817 defensore,
606 760 706 825 eoque
734 740 860 824 Epicuri
889 741 1054 820 sectatore}
1088 745 1156 832 (qui
1184 749 1224 813 ab

112 853 275 928 omnibus,
305 871 386 936 quae
411 846 513 912 sensui
540 845 703 909 communi
723 859 917 933 repugnant,
944 848 1145 928 abhorrebat,
1168 875 1224 918 cu·

107 959 162 1043 jus
188 953 378 1043 philosophia
407 963 470 1016 tota
502 963 566 1016 erat
600 949 791 1035 philosophia
828 950 925 1038 vulgi)
959 953 1089 1018 minime
1125 968 1224 1041 potest

111 1063 244 1130 admitti.
290 1062 450 1124 Praeterea
478 1057 661 1122 indicativus
689 1052 802 1145 (serit)
834 1059 866 1120 in
898 1057 1095 1144 hypothetica
1126 1084 1225 1149 argu-

112 1170 305 1235 mentatione
330 1187 394 1229 uon
423 1174 522 1248 potest
551 1162 645 1240 ferri3
682 1163 764 1246 quod
792 1162 861 1253 jam
891 1164 1022 1228 editores
1051 1167 1121 1234 ttd.
1149 1170 1164 1230 I
1195 1182 1226 1234 et

112 1277 191 1341 Bon.
211 1294 356 1347 sensere,
386 1271 573 1336 scribentes:
603 1278 706 1329 serat.
755 1268 885 1344 Contra,
912 1281 993 1334 totus
1014 1273 1101 1337 locus
1120 1276 1222 1339 mani·

114 1383 193 1446 festo
222 1378 329 1453 docet,
364 1375 422 1440 hoc
443 1374 501 1438 sibi
526 1374 603 1437 veile
633 1379 773 1458 poetam:
796 1375 849 1438 »si
867 1375 970 1439 anima
988 1389 1070 1442 extra
1093 1401 1226 1466 eorpus,

112 1488 149 1551 in
170 1507 233 1571 quo
254 1483 291 1552 ad
317 1493 451 1546 mortem
476 1501 574 1565 usque
591 1478 757 1555 habitavit,
781 1481 874 1564 possit
896 1481 998 1547 adhuc
1017 1484 1144 1549 existere
1167 1509 1226 1552 nec
1270 1557 1275 1564 ,

111 1591 233 1657 dissolvi
243 1595 255 1668 ;¹
274 1596 328 1652 aer
344 1589 409 1672 ipse
427 1585 485 1650 erit
506 1607 637 1670 corpus,
659 1584 743 1669 quod
762 1586 897 1649 animam
915 1586 1088 1666 cohibebit,
1105 1591 1226 1678 ipsique

114 1699 322 1762 instrumento
346 1694 404 1758 erit
424 1692 473 1757 'ad
503 1690 702 1777 fungendum
728 1692 863 1755 motibus
881 1693 1059 1774 sensilibus;
1088 1703 1142 1758 abr
1159 1697 1224 1782 ipso

115 1803 174 1868 erit
203 1802 402 1865 involucrum
432 1811 462 1861 et
490 1810 615 1884 tegmen
647 1795 702 1886 (vs.
740 1795 837 1884 576),
876 1798 909 1861 in
941 1822 1022 1886 quo,
1062 1803 1107 1868 uti
1136 1814 1226 1868 antea

112 1911 146 1974 in
178 1929 307 1993 corpore
334 1927 419 1971 nune
441 1905 567 1981 relicto,
598 1903 782 1970 habitabit‘*
830 1905 888 1970 Hie
908 1917 1011 1970 autem
1036 1929 1142 1972 sensus
1159 1911 1226 1994 ple-

113 2015 239 2080 nissime
268 2011 451 2104 exprimitur
479 2008 631 2093 legendo:
661 2031 784 2092 eorpus
816 2012 907 2073 enim
941 2023 1043 2096 atquo
1066 2016 1228 2078 animone

115 2123 186 2184 orit
209 2121 279 2182 air.
325 2117 458 2202 Egregie
482 2115 564 2179 enim
586 2115 735 2201 Forbiger
765 2128 866 2192 errat,
895 2129 1007 2202 putans
1027 2117 1085 2182 hae
1107 2121 1227 2186 ratione

113 2229 278 2290 animone
300 2223 361 2287 dici
387 2244 442 2307 pro
466 2223 596 2285 auimo.
643 2222 711 2284 Nou
747 2222 878 2301 dieitur;
909 2223 1050 2288 animans
1072 2226 1155 2287 enim
1183 2239 1228 2292 cst

114 2354 228 2415 corpus
255 2352 345 2394 sensu
373 2327 558 2414 praeditum.
606 2327 690 2391 Dicit
714 2338 824 2419 poeta:
848 2336 930 2392 »aer
949 2329 1006 2392 erit
1025 2351 1136 2415 eorpus
1155 2333 1227 2396 ani-

113 2461 183 2503 mae
205 2458 303 2522 eoque
321 2436 388 2520 ipso
407 2435 580 2499 animans.”
630 2433 668 2496 Et
687 2435 835 2518 quoniam
863 2456 985 2518 corpur
999 2435 1066 2517 jam
1092 2437 1226 2502 demon-

113 2543 218 2608 stravit
237 2563 300 2606 esse
318 2563 408 2605 sensu
431 2541 542 2616 etiam,
563 2562 626 2602 nou
648 2539 751 2603 minus
770 2560 866 2624 quam
896 2543 1069 2618 animam,
1099 2543 1225 2627 praedi-

114 2643 190 2714 tum¹
223 2647 277 2734 (ef.
308 2647 378 2712 adn.
413 2645 451 2708 ad
484 2642 635 2730 ast-9),
673 2656 775 2730 patet,
815 2666 984 2730 quamnam
1014 2647 1074 2710 vim
1106 2648 1139 2710 in
1165 2647 1224 2713 hae

108 2755 295 2820 refutatione
323 2749 524 2838 philosophus
546 2753 692 2835 posuerit.

154 2860 299 2944 Denique
324 2857 417 2922 lectio
440 2858 674 2919 auimooaerit
699 2878 755 2940 pro
784 2859 1047 2934 animatricem,
1078 2881 1142 2922 unc
1172 2881 1223 2925 ea·

109 2966 183 3030 lami
198 2965 297 3030 ductu
317 2964 445 3038 omisso,
467 2972 528 3026 tam
552 2963 625 3026 levis
647 2974 709 3041 est,
737 2973 771 3026 ut
795 2963 860 3026 fore
885 2985 948 3028 non
970 2964 1151 3046 conjectura
1171 2965 1223 3029 sed

111 3093 199 3135 verae
234 3069 378 3135 lectionis
410 3069 561 3132 restitutio
598 3071 638 3132 sit
673 3070 824 3134 habenda.
870 3070 949 3134 Laus
982 3069 1020 3132 sit
1048 3071 1216 3148 Lambino‚

109 3177 286 3244 acutissimo
309 3175 445 3240 Lucretii
464 3175 637 3259 interpreti.

157 3287 199 3359 3,
223 3283 301 3346 593.
347 3279 491 3346 Codices:
512 3302 551 3342 aa
572 3291 642 3344 toto
657 3279 746 3342 colei
761 3278 799 3342 de
822 3300 959 3364 corpore
985 3283 1100 3368 omnio
1120 3303 1222 3346 meos·

110 3390 183 3453 hro.
231 3387 299 3451 Iam
321 3387 354 3452 in
383 3385 550 3473 archetypo
580 3385 688 3451 vitium
712 3384 878 3450 inhaesisse
896 3386 1032 3467 ridetur,
1063 3407 1163 3472 quum
1184 3388 1222 3451 li-
1306 3445 1309 3449 ,

108 3495 204 3561 brarii
232 3493 315 3558 ocuti
342 3493 533 3558 aberrassent
569 3492 607 3556 ad
645 3492 740 3557 finem
774 3514 877 3556 versus
905 3495 988 3570 5953
1022 3504 1075 3556 aut
1105 3496 1229 3586 omnio·

108 3599 260 3664 mambra
278 3621 336 3684 pro
361 3600 635 3683 interpretamento
667 3599 848 3663 vorborum:
882 3609 951 3659 toto
982 3618 1135 3680 corpore,
1160 3597 1220 3663 ad-

108 3708 242 3791 scripta,
266 3705 410 3769 ultimum
434 3707 618 3769 vocabulum
640 3687 845 3768 extruserunt.
893 3703 975 3766 Hinc
994 3725 1057 3766 non
1080 3716 1140 3780 est,
1163 3717 1218 3783 ut,

108 3813 194 3900 quod
227 3819 318 3896 poeta
351 3811 492 3894 scripsit,
532 3822 619 3876 certo
653 3811 842 3874 restituatur.
889 3809 959 3873 Non
988 3819 1087 3894 potest
1115 3821 1218 3874 mmen

108 3917 184 3982 ferri
211 3916 304 3980 lectio
332 3915 492 4003 Forhigeri
522 3939 558 3979 ex
587 3915 812 3980 Wakefieldio:
848 3925 1019 3990 memoro,-
1057 3937 1129 3978 nam
1157 3937 1219 3980 no-

108 4023 273 4086 minativus
303 4022 495 4106 requiritur,
523 4035 557 4087 ut
584 4026 723 4098 anima,
749 4020 866 4084 uoltus
890 4031 949 4085 etc.
998 4020 1129 4088 Videtur
1147 4044 1221 4087 sane

105 4129 301 4214 vocabulum,
322 4128 439 4214 requiri
470 4129 553 4215 quod
580 4143 633 4194 aut
660 4131 799 4194 animum
821 4138 875 4191 aut
901 4126 1039 4212 corporis
1059 4129 1218 4191 materiam

108 4234 284 4320 quandam,
317 4257 374 4320 per
408 4246 512 4300 totum
543 4257 654 4322 corpus
688 4237 807 4312 fusam,
841 4245 948 4310 notat,
988 4233 1077 4314 eujus
1107 4233 1219 4298 solutio

109 4341 216 4406 mortis
240 4339 366 4426 praebet
392 4341 497 4428 signa,
522 4343 569 4405 uti
597 4345 662 4407 594
692 4342 824 4428 languor
845 4340 962 4414 vultus,
990 4343 1055 4405 595
1076 4338 1219 4406 decolora

109 4447 260 4514 membra.
306 4447 360 4526 Si,
394 4449 511 4513 arnoia
541 4448 680 4526 intruso,
713 4447 877 4513 membra·
900 4456 1003 4510 ortum
1036 4455 1147 4510 statuas
1181 4469 1218 4512 ex
