<?xml version="1.0" encoding="UTF-8"?>
<!DOCTYPE html PUBLIC "-//W3C//DTD XHTML 1.0 Transitional//EN"
    "http://www.w3.org/TR/xhtml1/DTD/xhtml1-transitional.dtd">
<html xmlns="http://www.w3.org/1999/xhtml" xml:lang="en" lang="en">
 <head>
  <title>
</title>
<meta http-equiv="Content-Type" content="text/html;charset=utf-8" />
  <meta name='ocr-system' content='tesseract 3.04.00' />
  <meta name='ocr-capabilities' content='ocr_page ocr_carea ocr_par ocr_line ocrx_word'/>
</head>
<body>
  <div class='ocr_page' id='page_1' title='image "./dissertatiocrit00roosgoog_0020.png"; bbox 0 0 2920 5044; ppageno 0'>
   <div class='ocr_carea' id='block_1_1' title="bbox 677 326 698 386">
    <p class='ocr_par' dir='ltr' id='par_1_1' title="bbox 677 326 698 386">
     <span class='ocr_line' id='line_1_1' title="bbox 677 326 698 386; baseline 0 0"><span class='ocrx_word' id='word_1_1' title='bbox 677 326 698 386; x_wconf 84' lang='grc'><strong>7</strong></span> 
     </span>
    </p>
   </div>
   <div class='ocr_carea' id='block_1_2' title="bbox 132 522 1245 720">
    <p class='ocr_par' dir='ltr' id='par_1_2' title="bbox 132 522 1245 720">
     <span class='ocr_line' id='line_1_2' title="bbox 132 522 1243 612; baseline -0.003 -19"><span class='ocrx_word' id='word_1_2' title='bbox 132 540 173 594; x_wconf 89' lang='lat' dir='ltr'><strong>tet</strong></span> <span class='ocrx_word' id='word_1_3' title='bbox 209 549 258 590; x_wconf 92' lang='lat' dir='ltr'><strong>me</strong></span> <span class='ocrx_word' id='word_1_4' title='bbox 288 525 325 589; x_wconf 89' lang='lat' dir='ltr'><strong>ad</strong></span> <span class='ocrx_word' id='word_1_5' title='bbox 358 522 582 610; x_wconf 81' lang='lat' dir='ltr'>philosophiam</span> <span class='ocrx_word' id='word_1_6' title='bbox 609 523 795 612; x_wconf 72' lang='lat' dir='ltr'><strong>traducere,</strong></span> <span class='ocrx_word' id='word_1_7' title='bbox 832 524 916 609; x_wconf 90' lang='lat' dir='ltr'><strong>quod</strong></span> <span class='ocrx_word' id='word_1_8' title='bbox 946 547 1067 610; x_wconf 87' lang='lat' dir='ltr'><strong>poeseos</strong></span> <span class='ocrx_word' id='word_1_9' title='bbox 1085 530 1243 612; x_wconf 91' lang='lat' dir='ltr'><strong>proprium</strong></span> 
     </span>
     <span class='ocr_line' id='line_1_3' title="bbox 134 629 1245 720; baseline -0.001 -21"><span class='ocrx_word' id='word_1_10' title='bbox 134 655 193 700; x_wconf 90' lang='lat' dir='ltr'><strong>esse</strong></span> <span class='ocrx_word' id='word_1_11' title='bbox 229 633 348 697; x_wconf 87' lang='lat' dir='ltr'><strong>videtur</strong></span> <span class='ocrx_word' id='word_1_12' title='bbox 385 633 572 694; x_wconf 82' lang='lat' dir='ltr'><strong>etiamnum:</strong></span> <span class='ocrx_word' id='word_1_13' title='bbox 598 631 757 693; x_wconf 78' lang='lat' dir='ltr'><strong>scribimus</strong></span> <span class='ocrx_word' id='word_1_14' title='bbox 779 629 894 693; x_wconf 90' lang='lat' dir='ltr'><strong>indocti</strong></span> <span class='ocrx_word' id='word_1_15' title='bbox 927 630 1073 720; x_wconf 91' lang='lat' dir='ltr'><strong>doctique</strong></span> <span class='ocrx_word' id='word_1_16' title='bbox 1105 646 1245 718; x_wconf 88' lang='lat' dir='ltr'><strong>poemata</strong></span> 
     </span>
    </p>
   </div>
   <div class='ocr_carea' id='block_1_3' title="bbox 68 763 1326 4440">
    <p class='ocr_par' dir='ltr' id='par_1_3' title="bbox 68 763 1326 4333">
     <span class='ocr_line' id='line_1_4' title="bbox 133 763 382 826; baseline -0.008 -22"><span class='ocrx_word' id='word_1_17' title='bbox 133 763 253 826; x_wconf 80' lang='lat' dir='ltr'><strong>passim.</strong></span> <span class='ocrx_word' id='word_1_18' title='bbox 380 819 382 826; x_wconf 19' lang='lat' dir='ltr'><em>s</em></span> 
     </span>
     <span class='ocr_line' id='line_1_5' title="bbox 68 841 1245 928; baseline 0.001 -18"><span class='ocrx_word' id='word_1_19' title='bbox 68 852 71 857; x_wconf 81' lang='grc'><strong>’</strong></span> <span class='ocrx_word' id='word_1_20' title='bbox 178 849 317 921; x_wconf 79' lang='lat' dir='ltr'><strong>Scilicet,</strong></span> <span class='ocrx_word' id='word_1_21' title='bbox 332 846 422 908; x_wconf 83' lang='lat' dir='ltr'><strong>nostri</strong></span> <span class='ocrx_word' id='word_1_22' title='bbox 445 844 587 926; x_wconf 90' lang='lat' dir='ltr'><strong>temporis</strong></span> <span class='ocrx_word' id='word_1_23' title='bbox 605 841 741 905; x_wconf 84' lang='lat' dir='ltr'><strong>studium</strong></span> <span class='ocrx_word' id='word_1_24' title='bbox 757 841 968 928; x_wconf 86' lang='lat' dir='ltr'><strong>philosophiae</strong></span> <span class='ocrx_word' id='word_1_25' title='bbox 985 843 1098 909; x_wconf 84' lang='lat' dir='ltr'><strong>definio</strong></span> <span class='ocrx_word' id='word_1_26' title='bbox 1119 849 1245 911; x_wconf 90' lang='lat' dir='ltr'><strong>utillud</strong></span> 
     </span>
     <span class='ocr_line' id='line_1_6' title="bbox 132 939 1247 1039; baseline 0.001 -23"><span class='ocrx_word' id='word_1_27' title='bbox 132 953 289 1026; x_wconf 89' lang='lat' dir='ltr'><strong>studium,</strong></span> <span class='ocrx_word' id='word_1_28' title='bbox 314 972 380 1039; x_wconf 92' lang='lat' dir='ltr'><strong>quo</strong></span> <span class='ocrx_word' id='word_1_29' title='bbox 402 951 569 1035; x_wconf 87' lang='lat' dir='ltr'><strong>plurimus,</strong></span> <span class='ocrx_word' id='word_1_30' title='bbox 591 951 674 1012; x_wconf 87' lang='lat' dir='ltr'><strong>omni</strong></span> <span class='ocrx_word' id='word_1_31' title='bbox 696 939 775 1027; x_wconf 91' lang='lat' dir='ltr'><strong>fide,</strong></span> <span class='ocrx_word' id='word_1_32' title='bbox 804 953 1000 1028; x_wconf 83' lang='lat' dir='ltr'><strong>auctoritate,</strong></span> <span class='ocrx_word' id='word_1_33' title='bbox 1039 954 1247 1017; x_wconf 85' lang='lat' dir='ltr'><strong>verisimilitu-</strong></span> 
     </span>
     <span class='ocr_line' id='line_1_7' title="bbox 135 1055 1246 1145; baseline 0.001 -23"><span class='ocrx_word' id='word_1_34' title='bbox 135 1059 224 1135; x_wconf 87' lang='lat' dir='ltr'><strong>dine,</strong></span> <span class='ocrx_word' id='word_1_35' title='bbox 245 1059 337 1122; x_wconf 85' lang='lat' dir='ltr'><strong>verbo</strong></span> <span class='ocrx_word' id='word_1_36' title='bbox 359 1070 393 1120; x_wconf 92' lang='lat' dir='ltr'><strong>ut</strong></span> <span class='ocrx_word' id='word_1_37' title='bbox 411 1056 532 1130; x_wconf 73' lang='lat' dir='ltr'><strong>«licam,</strong></span> <span class='ocrx_word' id='word_1_38' title='bbox 556 1057 638 1118; x_wconf 90' lang='lat' dir='ltr'><strong>omni</strong></span> <span class='ocrx_word' id='word_1_39' title='bbox 661 1055 777 1120; x_wconf 88' lang='lat' dir='ltr'><strong>credito</strong></span> <span class='ocrx_word' id='word_1_40' title='bbox 797 1055 902 1145; x_wconf 91' lang='lat' dir='ltr'><strong>(penes</strong></span> <span class='ocrx_word' id='word_1_41' title='bbox 919 1069 1101 1122; x_wconf 72' lang='lat' dir='ltr'><strong>mercatores</strong></span> <span class='ocrx_word' id='word_1_42' title='bbox 1121 1062 1198 1124; x_wconf 91' lang='lat' dir='ltr'><strong>solos</strong></span> <span class='ocrx_word' id='word_1_43' title='bbox 1216 1074 1246 1124; x_wconf 89' lang='lat' dir='ltr'><strong>et</strong></span> 
     </span>
     <span class='ocr_line' id='line_1_8' title="bbox 134 1161 1322 1250; baseline 0.001 -21"><span class='ocrx_word' id='word_1_44' title='bbox 134 1166 180 1230; x_wconf 86' lang='lat' dir='ltr'><strong>rel</strong></span> <span class='ocrx_word' id='word_1_45' title='bbox 214 1185 305 1249; x_wconf 90' lang='lat' dir='ltr'><strong>penes</strong></span> <span class='ocrx_word' id='word_1_46' title='bbox 338 1162 392 1226; x_wconf 91' lang='lat' dir='ltr'><strong>bos</strong></span> <span class='ocrx_word' id='word_1_47' title='bbox 422 1164 469 1224; x_wconf 82' lang='lat' dir='ltr'><strong>vix</strong></span> <span class='ocrx_word' id='word_1_48' title='bbox 505 1182 540 1225; x_wconf 87' lang='lat' dir='ltr'><strong>ac</strong></span> <span class='ocrx_word' id='word_1_49' title='bbox 572 1184 609 1224; x_wconf 91' lang='lat' dir='ltr'><strong>ne</strong></span> <span class='ocrx_word' id='word_1_50' title='bbox 645 1163 689 1224; x_wconf 83' lang='lat' dir='ltr'><strong>rix</strong></span> <span class='ocrx_word' id='word_1_51' title='bbox 721 1161 848 1246; x_wconf 84' lang='lat' dir='ltr'><strong>quidem</strong></span> <span class='ocrx_word' id='word_1_52' title='bbox 872 1161 1081 1250; x_wconf 74' lang='lat' dir='ltr'><strong>permanente)</strong></span> <span class='ocrx_word' id='word_1_53' title='bbox 1109 1166 1243 1249; x_wconf 88' lang='lat' dir='ltr'><strong>rejectis,</strong></span> <span class='ocrx_word' id='word_1_54' title='bbox 1309 1179 1322 1198; x_wconf 73' lang='lat'><strong><em>⁹</em></strong></span> 
     </span>
     <span class='ocr_line' id='line_1_9' title="bbox 135 1260 1247 1358; baseline 0.001 -21"><span class='ocrx_word' id='word_1_55' title='bbox 135 1274 230 1350; x_wconf 89' lang='lat' dir='ltr'><strong>baec,</strong></span> <span class='ocrx_word' id='word_1_56' title='bbox 250 1284 283 1336; x_wconf 94' lang='lat' dir='ltr'><strong>ut</strong></span> <span class='ocrx_word' id='word_1_57' title='bbox 303 1293 391 1347; x_wconf 86' lang='lat' dir='ltr'><strong>sera,</strong></span> <span class='ocrx_word' id='word_1_58' title='bbox 411 1271 475 1337; x_wconf 85' lang='lat' dir='ltr'><strong>aliis</strong></span> <span class='ocrx_word' id='word_1_59' title='bbox 496 1268 624 1352; x_wconf 90' lang='lat' dir='ltr'><strong>probare</strong></span> <span class='ocrx_word' id='word_1_60' title='bbox 641 1278 789 1343; x_wconf 89' lang='lat' dir='ltr'><strong>conatur,</strong></span> <span class='ocrx_word' id='word_1_61' title='bbox 812 1289 892 1352; x_wconf 88' lang='lat' dir='ltr'><strong>quae</strong></span> <span class='ocrx_word' id='word_1_62' title='bbox 917 1260 1005 1358; x_wconf 73' lang='lat' dir='ltr'><strong>crispi</strong></span> <span class='ocrx_word' id='word_1_63' title='bbox 1023 1263 1097 1335; x_wconf 77' lang='grc' dir='ltr'><em>καθ’</em></span> <span class='ocrx_word' id='word_1_64' title='bbox 1115 1265 1247 1350; x_wconf 74' lang='lat' dir='ltr'><strong>icosio,</strong></span> 
     </span>
     <span class='ocr_line' id='line_1_10' title="bbox 135 1374 1245 1463; baseline -0.005 -19"><span class='ocrx_word' id='word_1_65' title='bbox 135 1392 168 1444; x_wconf 87' lang='lat' dir='ltr'><strong>ut</strong></span> <span class='ocrx_word' id='word_1_66' title='bbox 192 1381 300 1443; x_wconf 88' lang='lat' dir='ltr'><strong>Nestor</strong></span> <span class='ocrx_word' id='word_1_67' title='bbox 319 1375 400 1463; x_wconf 90' lang='lat' dir='ltr'><strong>apud</strong></span> <span class='ocrx_word' id='word_1_68' title='bbox 418 1374 579 1460; x_wconf 90' lang='lat' dir='ltr'><strong>Lapithas,</strong></span> <span class='ocrx_word' id='word_1_69' title='bbox 604 1375 788 1458; x_wconf 87' lang='lat' dir='ltr'><strong>inquirenti,</strong></span> <span class='ocrx_word' id='word_1_70' title='bbox 812 1395 880 1436; x_wconf 86' lang='lat' dir='ltr'><strong>sera</strong></span> <span class='ocrx_word' id='word_1_71' title='bbox 900 1395 961 1437; x_wconf 91' lang='lat' dir='ltr'><strong>esse</strong></span> <span class='ocrx_word' id='word_1_72' title='bbox 982 1376 1040 1438; x_wconf 85' lang='lat' dir='ltr'><strong>risa</strong></span> <span class='ocrx_word' id='word_1_73' title='bbox 1055 1388 1144 1451; x_wconf 88' lang='lat' dir='ltr'><strong>sunt,</strong></span> <span class='ocrx_word' id='word_1_74' title='bbox 1163 1398 1245 1463; x_wconf 90' lang='lat' dir='ltr'><strong>qoo-</strong></span> 
     </span>
     <span class='ocr_line' id='line_1_11' title="bbox 135 1465 1247 1572; baseline -0.003 -23"><span class='ocrx_word' id='word_1_75' title='bbox 135 1508 197 1572; x_wconf 91' lang='lat' dir='ltr'><strong>que</strong></span> <span class='ocrx_word' id='word_1_76' title='bbox 232 1484 331 1548; x_wconf 86' lang='lat' dir='ltr'><strong>studio</strong></span> <span class='ocrx_word' id='word_1_77' title='bbox 351 1465 552 1555; x_wconf 39' lang='lat' dir='ltr'><strong>alia‘omnia,</strong></span> <span class='ocrx_word' id='word_1_78' title='bbox 584 1481 644 1542; x_wconf 90' lang='lat' dir='ltr'><strong>sive</strong></span> <span class='ocrx_word' id='word_1_79' title='bbox 676 1481 846 1564; x_wconf 86' lang='lat' dir='ltr'><strong>perspicere</strong></span> <span class='ocrx_word' id='word_1_80' title='bbox 875 1483 1004 1565; x_wconf 91' lang='lat' dir='ltr'><strong>nequit,</strong></span> <span class='ocrx_word' id='word_1_81' title='bbox 1027 1483 1087 1546; x_wconf 82' lang='lat' dir='ltr'><strong>sire</strong></span> <span class='ocrx_word' id='word_1_82' title='bbox 1113 1485 1247 1567; x_wconf 85' lang='lat' dir='ltr'><strong>impene-</strong></span> 
     </span>
     <span class='ocr_line' id='line_1_12' title="bbox 136 1586 1251 1673; baseline -0.004 -17"><span class='ocrx_word' id='word_1_83' title='bbox 136 1592 256 1656; x_wconf 88' lang='lat' dir='ltr'><strong>trabilia</strong></span> <span class='ocrx_word' id='word_1_84' title='bbox 279 1593 349 1653; x_wconf 91' lang='lat' dir='ltr'><strong>luce</strong></span> <span class='ocrx_word' id='word_1_85' title='bbox 373 1598 483 1673; x_wconf 89' lang='lat' dir='ltr'><strong>putat,</strong></span> <span class='ocrx_word' id='word_1_86' title='bbox 507 1598 653 1672; x_wconf 83' lang='lat' dir='ltr'><strong>tanquam</strong></span> <span class='ocrx_word' id='word_1_87' title='bbox 680 1586 753 1652; x_wconf 83' lang='lat' dir='ltr'><strong>falsa</strong></span> <span class='ocrx_word' id='word_1_88' title='bbox 783 1587 987 1671; x_wconf 90' lang='lat' dir='ltr'><strong>antiquasque</strong></span> <span class='ocrx_word' id='word_1_89' title='bbox 1011 1587 1128 1650; x_wconf 82' lang='lat' dir='ltr'><strong>fabulas</strong></span> <span class='ocrx_word' id='word_1_90' title='bbox 1151 1591 1251 1652; x_wconf 86' lang='lat' dir='ltr'><strong>incre·</strong></span> 
     </span>
     <span class='ocr_line' id='line_1_13' title="bbox 138 1694 1250 1778; baseline -0.005 -16"><span class='ocrx_word' id='word_1_91' title='bbox 138 1698 229 1762; x_wconf 90' lang='lat' dir='ltr'><strong>dulus</strong></span> <span class='ocrx_word' id='word_1_92' title='bbox 253 1697 326 1761; x_wconf 90' lang='lat' dir='ltr'><strong>odit.</strong></span> <span class='ocrx_word' id='word_1_93' title='bbox 374 1697 415 1760; x_wconf 90' lang='lat' dir='ltr'><strong>Ut</strong></span> <span class='ocrx_word' id='word_1_94' title='bbox 437 1695 513 1757; x_wconf 89' lang='lat' dir='ltr'><strong>serio</strong></span> <span class='ocrx_word' id='word_1_95' title='bbox 534 1695 644 1778; x_wconf 87' lang='lat' dir='ltr'><strong>loquar</strong></span> <span class='ocrx_word' id='word_1_96' title='bbox 675 1694 708 1754; x_wconf 88' lang='lat' dir='ltr'><strong>in</strong></span> <span class='ocrx_word' id='word_1_97' title='bbox 731 1715 779 1767; x_wconf 87' lang='lat' dir='ltr'><strong>re,</strong></span> <span class='ocrx_word' id='word_1_98' title='bbox 803 1694 832 1778; x_wconf 87' lang='lat' dir='ltr'><strong>si</strong></span> <span class='ocrx_word' id='word_1_99' title='bbox 848 1714 911 1778; x_wconf 87' lang='lat' dir='ltr'><strong>qua</strong></span> <span class='ocrx_word' id='word_1_100' title='bbox 931 1694 1011 1766; x_wconf 87' lang='lat' dir='ltr'><strong>alia,</strong></span> <span class='ocrx_word' id='word_1_101' title='bbox 1035 1695 1128 1756; x_wconf 75' lang='lat' dir='ltr'><strong>seriel:</strong></span> <span class='ocrx_word' id='word_1_102' title='bbox 1173 1695 1250 1758; x_wconf 92' lang='lat' dir='ltr'><strong>Per-</strong></span> 
     </span>
     <span class='ocr_line' id='line_1_14' title="bbox 138 1796 1249 1886; baseline -0.004 -18"><span class='ocrx_word' id='word_1_103' title='bbox 138 1805 227 1868; x_wconf 88' lang='lat' dir='ltr'><strong>multi</strong></span> <span class='ocrx_word' id='word_1_104' title='bbox 244 1813 344 1866; x_wconf 91' lang='lat' dir='ltr'><strong>nostro</strong></span> <span class='ocrx_word' id='word_1_105' title='bbox 364 1812 500 1884; x_wconf 90' lang='lat' dir='ltr'><strong>tempore</strong></span> <span class='ocrx_word' id='word_1_106' title='bbox 522 1797 618 1886; x_wconf 90' lang='lat' dir='ltr'><strong>(quod</strong></span> <span class='ocrx_word' id='word_1_107' title='bbox 635 1797 674 1860; x_wconf 84' lang='lat' dir='ltr'><strong>sle</strong></span> <span class='ocrx_word' id='word_1_108' title='bbox 692 1798 830 1883; x_wconf 90' lang='lat' dir='ltr'><strong>plurimis</strong></span> <span class='ocrx_word' id='word_1_109' title='bbox 849 1796 1032 1873; x_wconf 73' lang='lat' dir='ltr'><strong>studiosis,</strong></span> <span class='ocrx_word' id='word_1_110' title='bbox 1050 1802 1104 1884; x_wconf 92' lang='lat' dir='ltr'><strong>qui</strong></span> <span class='ocrx_word' id='word_1_111' title='bbox 1123 1821 1249 1884; x_wconf 90' lang='lat' dir='ltr'><strong>nempe,</strong></span> 
     </span>
     <span class='ocr_line' id='line_1_15' title="bbox 140 1903 1249 1990; baseline -0.002 -17"><span class='ocrx_word' id='word_1_112' title='bbox 140 1932 200 1973; x_wconf 90' lang='lat' dir='ltr'><strong>non</strong></span> <span class='ocrx_word' id='word_1_113' title='bbox 234 1930 329 1972; x_wconf 90' lang='lat' dir='ltr'><strong>crassa</strong></span> <span class='ocrx_word' id='word_1_114' title='bbox 376 1909 508 1970; x_wconf 86' lang='lat' dir='ltr'><strong>ltlinerra</strong></span> <span class='ocrx_word' id='word_1_115' title='bbox 547 1908 630 1980; x_wconf 88' lang='lat' dir='ltr'><strong>nati,</strong></span> <span class='ocrx_word' id='word_1_116' title='bbox 662 1903 865 1990; x_wconf 87' lang='lat' dir='ltr'><strong>cognoscendi</strong></span> <span class='ocrx_word' id='word_1_117' title='bbox 890 1906 948 1967; x_wconf 88' lang='lat' dir='ltr'><strong>reri</strong></span> <span class='ocrx_word' id='word_1_118' title='bbox 970 1904 1069 1967; x_wconf 87' lang='lat' dir='ltr'><strong>studio</strong></span> <span class='ocrx_word' id='word_1_119' title='bbox 1090 1906 1249 1982; x_wconf 84' lang='lat' dir='ltr'><strong>feruntur,</strong></span> 
     </span>
     <span class='ocr_line' id='line_1_16' title="bbox 139 2008 1249 2096; baseline 0 -18"><span class='ocrx_word' id='word_1_120' title='bbox 139 2015 288 2078; x_wconf 87' lang='lat' dir='ltr'><strong>affirmare</strong></span> <span class='ocrx_word' id='word_1_121' title='bbox 321 2015 384 2076; x_wconf 84' lang='lat' dir='ltr'><strong>fere</strong></span> <span class='ocrx_word' id='word_1_122' title='bbox 417 2008 527 2093; x_wconf 89' lang='lat' dir='ltr'><strong>ausim)</strong></span> <span class='ocrx_word' id='word_1_123' title='bbox 567 2012 733 2096; x_wconf 85' lang='lat' dir='ltr'><strong>religione,</strong></span> <span class='ocrx_word' id='word_1_124' title='bbox 769 2012 935 2074; x_wconf 89' lang='lat' dir='ltr'><strong>necessario</strong></span> <span class='ocrx_word' id='word_1_125' title='bbox 968 2010 1029 2074; x_wconf 84' lang='lat' dir='ltr'><strong>firle</strong></span> <span class='ocrx_word' id='word_1_126' title='bbox 1063 2015 1154 2088; x_wconf 80' lang='lat' dir='ltr'><strong>nixa,</strong></span> <span class='ocrx_word' id='word_1_127' title='bbox 1187 2016 1249 2078; x_wconf 86' lang='lat' dir='ltr'><strong>lere</strong></span> 
     </span>
     <span class='ocr_line' id='line_1_17' title="bbox 78 2118 1247 2206; baseline -0.003 -18"><span class='ocrx_word' id='word_1_128' title='bbox 78 2137 87 2152; x_wconf 86' lang='grc'><em>·</em></span> <span class='ocrx_word' id='word_1_129' title='bbox 138 2124 221 2188; x_wconf 91' lang='lat' dir='ltr'><strong>omni</strong></span> <span class='ocrx_word' id='word_1_130' title='bbox 239 2121 369 2203; x_wconf 73' lang='lat' dir='ltr'><strong>rejecta,</strong></span> <span class='ocrx_word' id='word_1_131' title='bbox 392 2119 468 2182; x_wconf 88' lang='lat' dir='ltr'><strong>baec</strong></span> <span class='ocrx_word' id='word_1_132' title='bbox 491 2129 609 2180; x_wconf 88' lang='lat' dir='ltr'><strong>tantum</strong></span> <span class='ocrx_word' id='word_1_133' title='bbox 634 2118 782 2202; x_wconf 89' lang='lat' dir='ltr'><strong>probant,</strong></span> <span class='ocrx_word' id='word_1_134' title='bbox 804 2138 884 2202; x_wconf 89' lang='lat' dir='ltr'><strong>quae</strong></span> <span class='ocrx_word' id='word_1_135' title='bbox 908 2120 996 2180; x_wconf 83' lang='lat' dir='ltr'><strong>sciro</strong></span> <span class='ocrx_word' id='word_1_136' title='bbox 1020 2130 1049 2181; x_wconf 92' lang='lat' dir='ltr'><strong>et</strong></span> <span class='ocrx_word' id='word_1_137' title='bbox 1066 2121 1096 2182; x_wconf 93' lang='lat' dir='ltr'><strong>in</strong></span> <span class='ocrx_word' id='word_1_138' title='bbox 1114 2122 1247 2206; x_wconf 89' lang='lat' dir='ltr'><strong>quibus,</strong></span> 
     </span>
     <span class='ocr_line' id='line_1_18' title="bbox 142 2220 1251 2313; baseline -0.003 -21"><span class='ocrx_word' id='word_1_139' title='bbox 142 2220 346 2306; x_wconf 74' lang='grc' dir='ltr'><strong><em>ἐπιπόλαιοι,</em></strong></span> <span class='ocrx_word' id='word_1_140' title='bbox 368 2223 611 2310; x_wconf 74' lang='lat' dir='ltr'><strong>philosophari</strong></span> <span class='ocrx_word' id='word_1_141' title='bbox 631 2245 715 2307; x_wconf 92' lang='lat' dir='ltr'><strong>posse</strong></span> <span class='ocrx_word' id='word_1_142' title='bbox 733 2223 789 2286; x_wconf 90' lang='lat' dir='ltr'><strong>sibi</strong></span> <span class='ocrx_word' id='word_1_143' title='bbox 808 2223 959 2285; x_wconf 87' lang='lat' dir='ltr'><strong>ridentur.</strong></span> <span class='ocrx_word' id='word_1_144' title='bbox 995 2223 1151 2309; x_wconf 81' lang='lat' dir='ltr'><strong>Attigisse,</strong></span> <span class='ocrx_word' id='word_1_145' title='bbox 1169 2247 1251 2313; x_wconf 89' lang='lat' dir='ltr'><strong>quae</strong></span> 
     </span>
     <span class='ocr_line' id='line_1_19' title="bbox 143 2329 1252 2415; baseline -0.001 -18"><span class='ocrx_word' id='word_1_146' title='bbox 143 2355 227 2398; x_wconf 90' lang='lat' dir='ltr'><strong>mera</strong></span> <span class='ocrx_word' id='word_1_147' title='bbox 250 2344 320 2397; x_wconf 89' lang='lat' dir='ltr'><strong>sunt</strong></span> <span class='ocrx_word' id='word_1_148' title='bbox 343 2343 424 2396; x_wconf 82' lang='lat' dir='ltr'><strong>noto</strong></span> <span class='ocrx_word' id='word_1_149' title='bbox 448 2353 598 2405; x_wconf 83' lang='lat' dir='ltr'><strong>arcano,</strong></span> <span class='ocrx_word' id='word_1_150' title='bbox 621 2329 743 2393; x_wconf 89' lang='lat' dir='ltr'><strong>suffieit.</strong></span> <span class='ocrx_word' id='word_1_151' title='bbox 790 2330 870 2392; x_wconf 90' lang='lat' dir='ltr'><strong>Hinc</strong></span> <span class='ocrx_word' id='word_1_152' title='bbox 891 2339 973 2413; x_wconf 88' lang='lat' dir='ltr'><strong>patet</strong></span> <span class='ocrx_word' id='word_1_153' title='bbox 994 2333 1101 2415; x_wconf 89' lang='lat' dir='ltr'><strong>quanti</strong></span> <span class='ocrx_word' id='word_1_154' title='bbox 1124 2334 1161 2395; x_wconf 92' lang='lat' dir='ltr'><strong>sit</strong></span> <span class='ocrx_word' id='word_1_155' title='bbox 1181 2355 1252 2397; x_wconf 91' lang='lat' dir='ltr'><strong>mo·</strong></span> 
     </span>
     <span class='ocr_line' id='line_1_20' title="bbox 139 2437 1252 2525; baseline -0.001 -21"><span class='ocrx_word' id='word_1_156' title='bbox 139 2442 252 2517; x_wconf 89' lang='lat' dir='ltr'><strong>menti,</strong></span> <span class='ocrx_word' id='word_1_157' title='bbox 275 2450 326 2513; x_wconf 91' lang='lat' dir='ltr'><strong>ut,</strong></span> <span class='ocrx_word' id='word_1_158' title='bbox 349 2450 501 2525; x_wconf 89' lang='lat' dir='ltr'><strong>quatenus</strong></span> <span class='ocrx_word' id='word_1_159' title='bbox 526 2437 727 2521; x_wconf 84' lang='lat' dir='ltr'><strong>inexplicatus</strong></span> <span class='ocrx_word' id='word_1_160' title='bbox 749 2457 915 2521; x_wconf 90' lang='lat' dir='ltr'><strong>puerorum</strong></span> <span class='ocrx_word' id='word_1_161' title='bbox 938 2437 1057 2499; x_wconf 88' lang='lat' dir='ltr'><strong>animus</strong></span> <span class='ocrx_word' id='word_1_162' title='bbox 1077 2442 1211 2522; x_wconf 88' lang='lat' dir='ltr'><strong>patitur,</strong></span> <span class='ocrx_word' id='word_1_163' title='bbox 1234 2463 1252 2503; x_wconf 90' lang='lat' dir='ltr'><strong>a</strong></span> 
     </span>
     <span class='ocr_line' id='line_1_21' title="bbox 142 2543 1252 2628; baseline -0.003 -16"><span class='ocrx_word' id='word_1_164' title='bbox 142 2548 252 2612; x_wconf 88' lang='lat' dir='ltr'><strong>teneris</strong></span> <span class='ocrx_word' id='word_1_165' title='bbox 273 2544 364 2622; x_wconf 85' lang='lat' dir='ltr'><strong>inde,</strong></span> <span class='ocrx_word' id='word_1_166' title='bbox 391 2546 478 2621; x_wconf 88' lang='lat' dir='ltr'><strong>reris,</strong></span> <span class='ocrx_word' id='word_1_167' title='bbox 500 2545 587 2608; x_wconf 88' lang='lat' dir='ltr'><strong>claris</strong></span> <span class='ocrx_word' id='word_1_168' title='bbox 608 2544 872 2628; x_wconf 88' lang='lat' dir='ltr'><strong>elementariisque</strong></span> <span class='ocrx_word' id='word_1_169' title='bbox 890 2543 1064 2606; x_wconf 88' lang='lat' dir='ltr'><strong>notionibus</strong></span> <span class='ocrx_word' id='word_1_170' title='bbox 1083 2543 1121 2608; x_wconf 90' lang='lat' dir='ltr'><strong>de</strong></span> <span class='ocrx_word' id='word_1_171' title='bbox 1143 2555 1252 2609; x_wconf 90' lang='lat' dir='ltr'><strong>natura</strong></span> 
     </span>
     <span class='ocr_line' id='line_1_22' title="bbox 142 2650 1253 2737; baseline -0.001 -21"><span class='ocrx_word' id='word_1_172' title='bbox 142 2673 243 2716; x_wconf 88' lang='lat' dir='ltr'><strong>rerum</strong></span> <span class='ocrx_word' id='word_1_173' title='bbox 262 2652 455 2737; x_wconf 89' lang='lat' dir='ltr'><strong>hominisque</strong></span> <span class='ocrx_word' id='word_1_174' title='bbox 478 2651 659 2714; x_wconf 86' lang='lat' dir='ltr'><strong>imbuantur</strong></span> <span class='ocrx_word' id='word_1_175' title='bbox 676 2661 810 2729; x_wconf 91' lang='lat' dir='ltr'><strong>mentes;</strong></span> <span class='ocrx_word' id='word_1_176' title='bbox 830 2650 1067 2733; x_wconf 86' lang='lat' dir='ltr'><strong>provectioribus</strong></span> <span class='ocrx_word' id='word_1_177' title='bbox 1080 2650 1146 2735; x_wconf 89' lang='lat' dir='ltr'><strong>jam</strong></span> <span class='ocrx_word' id='word_1_178' title='bbox 1165 2674 1253 2736; x_wconf 89' lang='lat' dir='ltr'><strong>prae-</strong></span> 
     </span>
     <span class='ocr_line' id='line_1_23' title="bbox 143 2739 1278 2848; baseline -0.002 -24"><span class='ocrx_word' id='word_1_179' title='bbox 143 2761 275 2845; x_wconf 86' lang='lat' dir='ltr'><strong>eipuae,</strong></span> <span class='ocrx_word' id='word_1_180' title='bbox 298 2781 376 2845; x_wconf 88' lang='lat' dir='ltr'><strong>quas</strong></span> <span class='ocrx_word' id='word_1_181' title='bbox 400 2779 509 2842; x_wconf 84' lang='lat' dir='ltr'><strong>capere</strong></span> <span class='ocrx_word' id='word_1_182' title='bbox 531 2759 643 2842; x_wconf 91' lang='lat' dir='ltr'><strong>possint</strong></span> <span class='ocrx_word' id='word_1_183' title='bbox 659 2758 807 2840; x_wconf 88' lang='lat' dir='ltr'><strong>juvenes,</strong></span> <span class='ocrx_word' id='word_1_184' title='bbox 828 2755 1079 2848; x_wconf 88' lang='lat' dir='ltr'><strong>pbilosophorum</strong></span> <span class='ocrx_word' id='word_1_185' title='bbox 1108 2758 1146 2823; x_wconf 92' lang='lat' dir='ltr'><strong>de</strong></span> <span class='ocrx_word' id='word_1_186' title='bbox 1170 2739 1278 2822; x_wconf 62' lang='lat' dir='ltr'><strong>hiseev</strong></span> 
     </span>
     <span class='ocr_line' id='line_1_24' title="bbox 144 2863 1254 2949; baseline -0.001 -20"><span class='ocrx_word' id='word_1_187' title='bbox 144 2866 286 2929; x_wconf 91' lang='lat' dir='ltr'><strong>omnibus</strong></span> <span class='ocrx_word' id='word_1_188' title='bbox 306 2866 472 2929; x_wconf 86' lang='lat' dir='ltr'><strong>sententiae</strong></span> <span class='ocrx_word' id='word_1_189' title='bbox 494 2874 703 2949; x_wconf 86' lang='lat' dir='ltr'><strong>proponantur</strong></span> <span class='ocrx_word' id='word_1_190' title='bbox 726 2887 742 2927; x_wconf 89' lang='lat' dir='ltr'><strong>a</strong></span> <span class='ocrx_word' id='word_1_191' title='bbox 766 2863 912 2938; x_wconf 87' lang='lat' dir='ltr'><strong>doctore,</strong></span> <span class='ocrx_word' id='word_1_192' title='bbox 936 2864 1105 2947; x_wconf 87' lang='lat' dir='ltr'><strong>probentur</strong></span> <span class='ocrx_word' id='word_1_193' title='bbox 1127 2877 1180 2929; x_wconf 90' lang='lat' dir='ltr'><strong>aut</strong></span> <span class='ocrx_word' id='word_1_194' title='bbox 1203 2887 1254 2928; x_wconf 85' lang='lat' dir='ltr'><strong>re-</strong></span> 
     </span>
     <span class='ocr_line' id='line_1_25' title="bbox 135 2969 1254 3056; baseline 0.001 -22"><span class='ocrx_word' id='word_1_195' title='bbox 135 2971 306 3056; x_wconf 88' lang='lat' dir='ltr'><strong>jiciantur,</strong></span> <span class='ocrx_word' id='word_1_196' title='bbox 340 2981 374 3033; x_wconf 90' lang='lat' dir='ltr'><strong>ut</strong></span> <span class='ocrx_word' id='word_1_197' title='bbox 406 2971 448 3032; x_wconf 90' lang='lat' dir='ltr'><strong>ita</strong></span> <span class='ocrx_word' id='word_1_198' title='bbox 471 2969 622 3054; x_wconf 87' lang='lat' dir='ltr'><strong>juvenes,</strong></span> <span class='ocrx_word' id='word_1_199' title='bbox 652 2969 846 3032; x_wconf 88' lang='lat' dir='ltr'><strong>difficultates</strong></span> <span class='ocrx_word' id='word_1_200' title='bbox 879 2970 986 3031; x_wconf 87' lang='lat' dir='ltr'><strong>talium</strong></span> <span class='ocrx_word' id='word_1_201' title='bbox 1020 2971 1254 3056; x_wconf 88' lang='lat' dir='ltr'><strong>inquisitionum</strong></span> 
     </span>
     <span class='ocr_line' id='line_1_26' title="bbox 141 3074 1253 3162; baseline 0.001 -23"><span class='ocrx_word' id='word_1_202' title='bbox 141 3077 375 3162; x_wconf 87' lang='lat' dir='ltr'><strong>perspicientes,</strong></span> <span class='ocrx_word' id='word_1_203' title='bbox 409 3097 511 3161; x_wconf 89' lang='lat' dir='ltr'><strong>neque</strong></span> <span class='ocrx_word' id='word_1_204' title='bbox 539 3097 569 3138; x_wconf 93' lang='lat' dir='ltr'><strong>se</strong></span> <span class='ocrx_word' id='word_1_205' title='bbox 604 3076 659 3159; x_wconf 92' lang='lat' dir='ltr'><strong>ipsi</strong></span> <span class='ocrx_word' id='word_1_206' title='bbox 681 3074 757 3138; x_wconf 87' lang='lat' dir='ltr'><strong>dum</strong></span> <span class='ocrx_word' id='word_1_207' title='bbox 781 3074 856 3138; x_wconf 88' lang='lat' dir='ltr'><strong>adeo</strong></span> <span class='ocrx_word' id='word_1_208' title='bbox 875 3075 988 3162; x_wconf 84' lang='lat' dir='ltr'><strong>cultos</strong></span> <span class='ocrx_word' id='word_1_209' title='bbox 1019 3086 1113 3160; x_wconf 91' lang='lat' dir='ltr'><strong>atque</strong></span> <span class='ocrx_word' id='word_1_210' title='bbox 1134 3088 1253 3142; x_wconf 88' lang='lat' dir='ltr'><strong>evectos</strong></span> 
     </span>
     <span class='ocr_line' id='line_1_27' title="bbox 141 3179 1254 3255; baseline -0.002 -8"><span class='ocrx_word' id='word_1_211' title='bbox 141 3188 302 3247; x_wconf 87' lang='lat' dir='ltr'><strong>sentientes</strong></span> <span class='ocrx_word' id='word_1_212' title='bbox 331 3193 365 3244; x_wconf 88' lang='lat' dir='ltr'><strong>ut</strong></span> <span class='ocrx_word' id='word_1_213' title='bbox 387 3182 418 3244; x_wconf 91' lang='lat' dir='ltr'><strong>in</strong></span> <span class='ocrx_word' id='word_1_214' title='bbox 442 3179 501 3244; x_wconf 90' lang='lat' dir='ltr'><strong>boo</strong></span> <span class='ocrx_word' id='word_1_215' title='bbox 526 3202 646 3255; x_wconf 90' lang='lat' dir='ltr'><strong>rerum,</strong></span> <span class='ocrx_word' id='word_1_216' title='bbox 670 3181 909 3254; x_wconf 88' lang='lat' dir='ltr'><strong>sententiarum,</strong></span> <span class='ocrx_word' id='word_1_217' title='bbox 936 3200 1073 3244; x_wconf 80' lang='lat' dir='ltr'><strong>verorum</strong></span> <span class='ocrx_word' id='word_1_218' title='bbox 1092 3182 1254 3246; x_wconf 85' lang='lat' dir='ltr'><strong>falsorum·</strong></span> 
     </span>
     <span class='ocr_line' id='line_1_28' title="bbox 144 3285 1257 3374; baseline 0.004 -24"><span class='ocrx_word' id='word_1_219' title='bbox 144 3308 208 3374; x_wconf 92' lang='lat' dir='ltr'><strong>que</strong></span> <span class='ocrx_word' id='word_1_220' title='bbox 250 3285 450 3370; x_wconf 81' lang='lat' dir='ltr'><strong>inextricabili</strong></span> <span class='ocrx_word' id='word_1_221' title='bbox 494 3287 556 3350; x_wconf 83' lang='lat' dir='ltr'><strong>fere</strong></span> <span class='ocrx_word' id='word_1_222' title='bbox 600 3307 700 3350; x_wconf 91' lang='lat' dir='ltr'><strong>errore</strong></span> <span class='ocrx_word' id='word_1_223' title='bbox 745 3286 783 3349; x_wconf 94' lang='lat' dir='ltr'><strong>de</strong></span> <span class='ocrx_word' id='word_1_224' title='bbox 823 3288 949 3349; x_wconf 89' lang='lat' dir='ltr'><strong>summis</strong></span> <span class='ocrx_word' id='word_1_225' title='bbox 982 3287 1157 3374; x_wconf 90' lang='lat' dir='ltr'><strong>quibusque</strong></span> <span class='ocrx_word' id='word_1_226' title='bbox 1192 3301 1257 3354; x_wconf 89' lang='lat' dir='ltr'><strong>tuto</strong></span> 
     </span>
     <span class='ocr_line' id='line_1_29' title="bbox 139 3392 1257 3478; baseline 0.002 -21"><span class='ocrx_word' id='word_1_227' title='bbox 139 3392 283 3478; x_wconf 87' lang='lat' dir='ltr'><strong>judicare</strong></span> <span class='ocrx_word' id='word_1_228' title='bbox 306 3395 442 3476; x_wconf 88' lang='lat' dir='ltr'><strong>possint,</strong></span> <span class='ocrx_word' id='word_1_229' title='bbox 476 3403 510 3455; x_wconf 92' lang='lat' dir='ltr'><strong>ut</strong></span> <span class='ocrx_word' id='word_1_230' title='bbox 539 3392 634 3468; x_wconf 90' lang='lat' dir='ltr'><strong>baec,</strong></span> <span class='ocrx_word' id='word_1_231' title='bbox 670 3394 815 3478; x_wconf 87' lang='lat' dir='ltr'><strong>inquam,</strong></span> <span class='ocrx_word' id='word_1_232' title='bbox 845 3393 1006 3456; x_wconf 88' lang='lat' dir='ltr'><strong>sentientes</strong></span> <span class='ocrx_word' id='word_1_233' title='bbox 1024 3393 1153 3476; x_wconf 81' lang='lat' dir='ltr'><strong>juvenes</strong></span> <span class='ocrx_word' id='word_1_234' title='bbox 1175 3419 1192 3458; x_wconf 93' lang='lat' dir='ltr'><strong>a</strong></span> <span class='ocrx_word' id='word_1_235' title='bbox 1211 3407 1257 3459; x_wconf 91' lang='lat' dir='ltr'><strong>te-</strong></span> 
     </span>
     <span class='ocr_line' id='line_1_30' title="bbox 143 3499 1257 3587; baseline 0.004 -25"><span class='ocrx_word' id='word_1_236' title='bbox 143 3500 295 3563; x_wconf 89' lang='lat' dir='ltr'><strong>meritate·</strong></span> <span class='ocrx_word' id='word_1_237' title='bbox 317 3499 394 3560; x_wconf 91' lang='lat' dir='ltr'><strong>Icari</strong></span> <span class='ocrx_word' id='word_1_238' title='bbox 428 3499 600 3562; x_wconf 89' lang='lat' dir='ltr'><strong>abstineant</strong></span> <span class='ocrx_word' id='word_1_239' title='bbox 627 3521 728 3585; x_wconf 90' lang='lat' dir='ltr'><strong>neque</strong></span> <span class='ocrx_word' id='word_1_240' title='bbox 763 3500 858 3562; x_wconf 87' lang='lat' dir='ltr'><strong>cuivis</strong></span> <span class='ocrx_word' id='word_1_241' title='bbox 883 3501 986 3586; x_wconf 87' lang='lat' dir='ltr'><strong>magni</strong></span> <span class='ocrx_word' id='word_1_242' title='bbox 1009 3500 1109 3564; x_wconf 87' lang='lat' dir='ltr'><strong>hiatus</strong></span> <span class='ocrx_word' id='word_1_243' title='bbox 1130 3504 1257 3587; x_wconf 90' lang='lat' dir='ltr'><strong>promis-</strong></span> 
     </span>
     <span class='ocr_line' id='line_1_31' title="bbox 142 3604 1256 3692; baseline 0.002 -22"><span class='ocrx_word' id='word_1_244' title='bbox 142 3607 218 3681; x_wconf 87' lang='lat' dir='ltr'><strong>sori,</strong></span> <span class='ocrx_word' id='word_1_245' title='bbox 241 3604 332 3670; x_wconf 91' lang='lat' dir='ltr'><strong>modo</strong></span> <span class='ocrx_word' id='word_1_246' title='bbox 356 3605 509 3689; x_wconf 84' lang='lat' dir='ltr'><strong>speciosa,</strong></span> <span class='ocrx_word' id='word_1_247' title='bbox 531 3627 613 3692; x_wconf 91' lang='lat' dir='ltr'><strong>quae</strong></span> <span class='ocrx_word' id='word_1_248' title='bbox 633 3607 803 3691; x_wconf 86' lang='lat' dir='ltr'><strong>intelligere</strong></span> <span class='ocrx_word' id='word_1_249' title='bbox 826 3605 883 3668; x_wconf 87' lang='lat' dir='ltr'><strong>sibi</strong></span> <span class='ocrx_word' id='word_1_250' title='bbox 908 3605 1084 3680; x_wconf 89' lang='lat' dir='ltr'><strong>rideantur,</strong></span> <span class='ocrx_word' id='word_1_251' title='bbox 1105 3609 1256 3692; x_wconf 84' lang='lat' dir='ltr'><strong>proferat,</strong></span> 
     </span>
     <span class='ocr_line' id='line_1_32' title="bbox 143 3712 1259 3796; baseline 0.003 -20"><span class='ocrx_word' id='word_1_252' title='bbox 143 3736 173 3778; x_wconf 91' lang='lat' dir='ltr'><strong>se</strong></span> <span class='ocrx_word' id='word_1_253' title='bbox 195 3712 367 3785; x_wconf 83' lang='lat' dir='ltr'><strong>tradentes,</strong></span> <span class='ocrx_word' id='word_1_254' title='bbox 389 3723 421 3774; x_wconf 84' lang='lat' dir='ltr'><strong>et</strong></span> <span class='ocrx_word' id='word_1_255' title='bbox 445 3713 575 3776; x_wconf 84' lang='lat' dir='ltr'><strong>veritatis</strong></span> <span class='ocrx_word' id='word_1_256' title='bbox 595 3714 697 3790; x_wconf 83' lang='lat' dir='ltr'><strong>riam,</strong></span> <span class='ocrx_word' id='word_1_257' title='bbox 719 3735 773 3796; x_wconf 93' lang='lat' dir='ltr'><strong>per</strong></span> <span class='ocrx_word' id='word_1_258' title='bbox 798 3723 894 3774; x_wconf 90' lang='lat' dir='ltr'><strong>totam</strong></span> <span class='ocrx_word' id='word_1_259' title='bbox 914 3733 1003 3796; x_wconf 88' lang='lat' dir='ltr'><strong>saepe</strong></span> <span class='ocrx_word' id='word_1_260' title='bbox 1027 3714 1137 3790; x_wconf 87' lang='lat' dir='ltr'><strong>sitam,</strong></span> <span class='ocrx_word' id='word_1_261' title='bbox 1162 3717 1259 3779; x_wconf 89' lang='lat' dir='ltr'><strong>relin-</strong></span> 
     </span>
     <span class='ocr_line' id='line_1_33' title="bbox 144 3819 1258 3906; baseline 0.001 -24"><span class='ocrx_word' id='word_1_262' title='bbox 144 3831 263 3906; x_wconf 89' lang='lat' dir='ltr'><strong>quant,</strong></span> <span class='ocrx_word' id='word_1_263' title='bbox 299 3830 331 3882; x_wconf 86' lang='lat' dir='ltr'><strong>et</strong></span> <span class='ocrx_word' id='word_1_264' title='bbox 362 3819 457 3903; x_wconf 87' lang='lat' dir='ltr'><strong>ipsam</strong></span> <span class='ocrx_word' id='word_1_265' title='bbox 482 3821 575 3882; x_wconf 82' lang='lat' dir='ltr'><strong>sitam</strong></span> <span class='ocrx_word' id='word_1_266' title='bbox 600 3823 739 3882; x_wconf 89' lang='lat' dir='ltr'><strong>miseram</strong></span> <span class='ocrx_word' id='word_1_267' title='bbox 761 3820 817 3882; x_wconf 91' lang='lat' dir='ltr'><strong>sibi</strong></span> <span class='ocrx_word' id='word_1_268' title='bbox 849 3819 887 3883; x_wconf 88' lang='lat' dir='ltr'><strong>ad</strong></span> <span class='ocrx_word' id='word_1_269' title='bbox 914 3830 1044 3882; x_wconf 88' lang='lat' dir='ltr'><strong>mortem</strong></span> <span class='ocrx_word' id='word_1_270' title='bbox 1076 3841 1172 3906; x_wconf 90' lang='lat' dir='ltr'><strong>usque</strong></span> <span class='ocrx_word' id='word_1_271' title='bbox 1200 3843 1258 3906; x_wconf 85' lang='lat' dir='ltr'><strong>pa-</strong></span> 
     </span>
     <span class='ocr_line' id='line_1_34' title="bbox 143 3917 1258 4013; baseline 0.002 -22"><span class='ocrx_word' id='word_1_272' title='bbox 143 3935 232 4005; x_wconf 77' lang='lat' dir='ltr'><strong>tent,</strong></span> <span class='ocrx_word' id='word_1_273' title='bbox 263 3928 295 3989; x_wconf 89' lang='lat' dir='ltr'><strong>in</strong></span> <span class='ocrx_word' id='word_1_274' title='bbox 325 3925 382 3990; x_wconf 92' lang='lat' dir='ltr'><strong>hoc</strong></span> <span class='ocrx_word' id='word_1_275' title='bbox 420 3949 482 3989; x_wconf 92' lang='lat' dir='ltr'><strong>uno</strong></span> <span class='ocrx_word' id='word_1_276' title='bbox 511 3929 641 3990; x_wconf 87' lang='lat' dir='ltr'><strong>salutem</strong></span> <span class='ocrx_word' id='word_1_277' title='bbox 674 3917 839 4012; x_wconf 77' lang='lat' dir='ltr'><strong>ponentes,</strong></span> <span class='ocrx_word' id='word_1_278' title='bbox 872 3924 955 4013; x_wconf 92' lang='lat' dir='ltr'><strong>quod</strong></span> <span class='ocrx_word' id='word_1_279' title='bbox 989 3927 1106 3990; x_wconf 88' lang='lat' dir='ltr'><strong>nullam</strong></span> <span class='ocrx_word' id='word_1_280' title='bbox 1129 3929 1258 3993; x_wconf 90' lang='lat' dir='ltr'><strong>salutem</strong></span> 
     </span>
     <span class='ocr_line' id='line_1_35' title="bbox 145 4033 1260 4120; baseline 0.003 -23"><span class='ocrx_word' id='word_1_281' title='bbox 145 4055 181 4097; x_wconf 82' lang='lat' dir='ltr'><strong>ex</strong></span> <span class='ocrx_word' id='word_1_282' title='bbox 206 4033 415 4117; x_wconf 85' lang='lat' dir='ltr'><strong>desperatione</strong></span> <span class='ocrx_word' id='word_1_283' title='bbox 436 4034 491 4097; x_wconf 91' lang='lat' dir='ltr'><strong>sibi</strong></span> <span class='ocrx_word' id='word_1_284' title='bbox 508 4055 661 4118; x_wconf 90' lang='lat' dir='ltr'><strong>superesse</strong></span> <span class='ocrx_word' id='word_1_285' title='bbox 681 4045 812 4119; x_wconf 88' lang='lat' dir='ltr'><strong>sperent.</strong></span> <span class='ocrx_word' id='word_1_286' title='bbox 848 4033 887 4097; x_wconf 86' lang='lat' dir='ltr'><strong>Se</strong></span> <span class='ocrx_word' id='word_1_287' title='bbox 909 4033 1010 4117; x_wconf 90' lang='lat' dir='ltr'><strong>ipsum</strong></span> <span class='ocrx_word' id='word_1_288' title='bbox 1030 4034 1162 4120; x_wconf 89' lang='lat' dir='ltr'><strong>quisque</strong></span> <span class='ocrx_word' id='word_1_289' title='bbox 1186 4057 1260 4100; x_wconf 93' lang='lat' dir='ltr'><strong>con·</strong></span> 
     </span>
     <span class='ocr_line' id='line_1_36' title="bbox 145 4129 1326 4225; baseline -0.001 -20"><span class='ocrx_word' id='word_1_290' title='bbox 145 4141 260 4215; x_wconf 86' lang='lat' dir='ltr'><strong>eutiat,</strong></span> <span class='ocrx_word' id='word_1_291' title='bbox 285 4140 377 4215; x_wconf 85' lang='lat' dir='ltr'><strong>selis,</strong></span> <span class='ocrx_word' id='word_1_292' title='bbox 399 4139 513 4224; x_wconf 89' lang='lat' dir='ltr'><strong>quibus</strong></span> <span class='ocrx_word' id='word_1_293' title='bbox 537 4142 689 4205; x_wconf 88' lang='lat' dir='ltr'><strong>internam</strong></span> <span class='ocrx_word' id='word_1_294' title='bbox 711 4141 806 4204; x_wconf 89' lang='lat' dir='ltr'><strong>animi</strong></span> <span class='ocrx_word' id='word_1_295' title='bbox 824 4139 1031 4204; x_wconf 89' lang='lat' dir='ltr'><strong>conditionem</strong></span> <span class='ocrx_word' id='word_1_296' title='bbox 1053 4141 1146 4224; x_wconf 83' lang='lat' dir='ltr'><strong>vulgo</strong></span> <span class='ocrx_word' id='word_1_297' title='bbox 1164 4143 1260 4225; x_wconf 83' lang='lat' dir='ltr'><strong>tegit,</strong></span> <span class='ocrx_word' id='word_1_298' title='bbox 1323 4129 1326 4134; x_wconf 47' lang='grc'><em>’</em></span> 
     </span>
     <span class='ocr_line' id='line_1_37' title="bbox 145 4244 976 4333; baseline -0.004 -23"><span class='ocrx_word' id='word_1_299' title='bbox 145 4269 184 4310; x_wconf 92' lang='lat' dir='ltr'><strong>ne</strong></span> <span class='ocrx_word' id='word_1_300' title='bbox 204 4267 317 4331; x_wconf 91' lang='lat' dir='ltr'><strong>susque</strong></span> <span class='ocrx_word' id='word_1_301' title='bbox 340 4244 442 4333; x_wconf 90' lang='lat' dir='ltr'><strong>deque</strong></span> <span class='ocrx_word' id='word_1_302' title='bbox 466 4258 599 4310; x_wconf 88' lang='lat' dir='ltr'><strong>vertatur</strong></span> <span class='ocrx_word' id='word_1_303' title='bbox 621 4247 816 4333; x_wconf 82' lang='lat' dir='ltr'><strong>respublica,</strong></span> <span class='ocrx_word' id='word_1_304' title='bbox 838 4245 976 4330; x_wconf 86' lang='lat' dir='ltr'><strong>abjectis.</strong></span> 
     </span>
    </p>

    <p class='ocr_par' dir='ltr' id='par_1_4' title="bbox 191 4353 1260 4440">
     <span class='ocr_line' id='line_1_38' title="bbox 191 4353 1260 4440; baseline 0.004 -24"><span class='ocrx_word' id='word_1_305' title='bbox 191 4353 283 4417; x_wconf 89' lang='lat' dir='ltr'><strong>Hune</strong></span> <span class='ocrx_word' id='word_1_306' title='bbox 313 4364 417 4416; x_wconf 89' lang='lat' dir='ltr'><strong>autem</strong></span> <span class='ocrx_word' id='word_1_307' title='bbox 448 4356 479 4417; x_wconf 93' lang='lat' dir='ltr'><strong>in</strong></span> <span class='ocrx_word' id='word_1_308' title='bbox 512 4353 624 4430; x_wconf 90' lang='lat' dir='ltr'><strong>finem,</strong></span> <span class='ocrx_word' id='word_1_309' title='bbox 657 4366 775 4440; x_wconf 89' lang='lat' dir='ltr'><strong>praeter</strong></span> <span class='ocrx_word' id='word_1_310' title='bbox 805 4355 958 4440; x_wconf 84' lang='lat' dir='ltr'><strong>logicam,</strong></span> <span class='ocrx_word' id='word_1_311' title='bbox 989 4373 1069 4438; x_wconf 88' lang='lat' dir='ltr'><strong>quae</strong></span> <span class='ocrx_word' id='word_1_312' title='bbox 1094 4355 1207 4438; x_wconf 90' lang='lat' dir='ltr'><strong>optime</strong></span> <span class='ocrx_word' id='word_1_313' title='bbox 1227 4357 1260 4420; x_wconf 90' lang='lat' dir='ltr'><strong>in</strong></span> 
     </span>
    </p>
   </div>
   <div class='ocr_carea' id='block_1_4' title="bbox 0 0 1483 5044">
    <p class='ocr_par' dir='ltr' id='par_1_5' title="bbox 0 0 1483 5044">
     <span class='ocr_line' id='line_1_39' title="bbox 0 0 1483 5044; baseline 0 0"><span class='ocrx_word' id='word_1_314' title='bbox 0 0 1483 5044; x_wconf 95' lang='lat' dir='ltr'><strong> </strong></span> 
     </span>
    </p>
   </div>
  </div>
 </body>
</html>
