2920 5044
192 551 245 616 sed
283 547 448 616 confitetur
478 567 509 609 se
549 543 703 608 ultimam·
724 564 826 606 versus
856 527 960 606 vocem
997 554 1027 604 at
1065 543 1211 629 syllabam
1245 565 1307 608 non

195 656 340 742 reperire.
389 649 568 716 attendenti
595 670 665 712 vero
692 647 730 710 ad
759 649 798 724 2,
826 648 863 710 17
890 658 956 716 »ut
992 647 1111 733 quoi,”
1133 648 1309 734 interpreti.

195 762 252 826 bus
277 759 416 834 collatis,
439 756 569 824 dubium
591 776 652 818 nou
672 754 750 828 erit,
780 753 856 838 quin
884 764 922 815 sat
951 755 1033 838 quoi
1053 754 1220 840 legendum
1247 756 1307 833 sit,

194 879 224 932 et
246 868 326 952 quoi
362 864 480 928 dativus
507 859 661 926 commodi
688 857 855 934 habeatur,
892 857 988 922 otiose
1018 857 1145 950 quidem
1173 861 1309 945 positus,

194 994 253 1037 nec
272 983 372 1034 tamen
394 968 596 1053 ineleganter.
627 965 768 1048 Utroque
792 963 824 1026 in
857 964 927 1026 loco
946 963 1153 1049 cogitaveram
1184 964 1222 1029 da
1250 965 1311 1050 qai

194 1098 250 1163 pro
267 1076 389 1160 aliqud
408 1075 558 1146 rationo,
592 1071 637 1134 uti
669 1069 923 1154 interrogativum
953 1071 1012 1154 qul
1043 1091 1098 1154 pro
1126 1069 1310 1156 quonaodo3
1335 1082 1339 1087 '

194 1183 244 1247 sed
276 1204 368 1254 cum,
388 1190 515 1263 excepta
535 1177 693 1261 analogia,
727 1173 786 1238 alia
816 1185 997 1259 argumenta
1017 1172 1128 1240 idonea
1149 1177 1308 1253 abessent,

194 1291 228 1351 in
262 1309 295 1350 re
324 1285 416 1348 dubia
447 1295 476 1348 et
500 1283 618 1348 incerta
644 1280 763 1364 aliquid
789 1280 981 1362 uariatque
1010 1278 1141 1357 inauditi
1172 1283 1311 1366 prolerre

195 1394 302 1468 nolui,
343 1390 498 1475 quamvis,
542 1387 623 1472 quod
660 1387 777 1460 obstet,
816 1407 879 1450 non
917 1385 1031 1452 ridens.
1098 1387 1163 1452 ctat
1200 1387 1309 1456 firma-

196 1500 369 1563 lusatiam
418 1518 458 1560 rs.
505 1497 570 1558 759
621 1490 781 1567 habebar,
828 1489 988 1554 indefinite
1034 1491 1172 1556 adhibito
1207 1495 1309 1560 verbo.

197 1607 297 1668 doute
335 1601 463 1687 quidem
497 1622 522 1663 v.
553 1599 584 1664 d.
614 1598 743 1662 Siebelis
763 1597 794 1660 in
820 1596 902 1662 Diar.
930 1596 1037 1680 Antiq.
1065 1601 1170 1670 test,
1189 1611 1263 1665 sect.
1289 1603 1309 1666 9

196 1708 445 1772 emendationem
474 1703 614 1768 Lambini
648 1726 688 1766 rs.
716 1704 781 1764 754
817 1699 905 1786 quod
928 1702 1011 1786 jam
1051 1703 1209 1780 defendit,
1250 1726 1309 1770 nec

195 1826 298 1879 tamon
330 1812 405 1874 mibi
446 1808 618 1895 persuadet.
666 1808 786 1871 Haereo
810 1808 893 1870 enim
929 1807 961 1870 in
993 1811 1145 1892 praesenti
1173 1807 1307 1886 debeat,

196 1942 254 2006 pro
283 1916 427 1990 deleret,
460 1937 557 2000 quum
584 1925 637 1978 aut
666 1914 745 1988 boo,
780 1924 817 1978 at
844 1914 906 1998 qai
941 1935 998 1998 pro
1025 1915 1069 1978 als
1104 1916 1161 1982 aui
1191 1915 1309 1980 soriche

128 2023 137 2033 ’
197 2028 256 2090 Art
287 2025 405 2108 posito,
429 2019 628 2086 scribendum
657 2030 765 2103 poetae
795 2019 920 2095 fuisset,
950 2030 1002 2084 aut
1025 2018 1127 2087 dabat.

248 2133 284 2204 1,
309 2133 385 2194 810.
434 2127 610 2192 Necessario
638 2147 709 2190 cum
740 2125 788 2199 G,
814 2126 863 2202 X,
891 2125 940 2201 Y,
969 2125 992 2188 Z
1019 2126 1184 2212 legendum
1205 2129 1308 2213 odju-

200 2248 255 2300 out
287 2246 413 2320 propter
444 2232 685 2317 parallelismum
715 2251 786 2294 cunr
811 2230 1033 2314 superioribus.
1079 2231 1131 2296 Uti
1152 2233 1235 2298 enim
1255 2236 1309 2296 in·

133 2413 136 2418 ¹
199 2340 318 2429 diriget
338 2377 371 2386 -ψ
396 2340 529 2424 possint
553 2338 611 2402 sibi
644 2337 900 2420 correspondent,
923 2337 968 2402 sic
986 2335 1131 2423 atIJ'uaat
1146 2372 1185 2386 -·
1204 2339 1309 2404 enrol-

201 2459 312 2512 sarar.
910 2427 927 2504 ⁸,

249 2555 285 2628 1,
308 2553 386 2616 824.
434 2549 568 2624 Bellis,
589 2548 673 2632 quod
692 2549 724 2612 in
744 2551 790 2625 G,
814 2549 860 2628 Q,
884 2551 931 2624 X,
953 2549 1000 2625 Y,
1023 2549 1234 2626 Zinrenitur‚
1263 2551 1307 2638 (in

199 2658 347 2722 Ztamen
379 2654 583 2739 superscripta
611 2664 655 2740 est
682 2654 775 2718 lectio
807 2656 927 2738 vulgata
962 2651 1085 2741 verbis)
1120 2677 1182 2720 non
1213 2657 1309 2739 expli·

200 2784 271 2828 care
289 2783 432 2846 possum,
460 2760 516 2826 nisi
542 2761 626 2846 quod
650 2761 683 2825 in
703 2760 871 2848 archetypo
896 2762 993 2837 forte,
1026 2761 1108 2828 unde
1134 2764 1229 2825 nostri
1256 2783 1309 2826 co·

197 2868 281 2936 dicos
305 2868 451 2950 descripti
471 2879 561 2942 sunt,
586 2867 747 2941 librarius,
767 2867 970 2930 admiratione
989 2868 1124 2932 lucretii
1145 2869 1307 2952 abreptus,

112 3021 113 3024 ,
198 2974 230 3038 in
255 2973 397 3057 margine
424 2967 469 3062 τῷ
494 2971 603 3036 uerbis
627 2973 822 3057 adscripserit
850 2973 968 3047 belim,
1000 2985 1034 3038 ut
1059 2997 1113 3060 pro
1149 2996 1203 3038 sua
1233 2975 1308 3057 qui-

200 3081 270 3146 dem
291 3078 442 3144 latinitate
475 3077 679 3164 significaret:
710 3078 809 3142 verbis
838 3090 868 3141 et
894 3077 940 3142 his
977 3079 1104 3163 quidem
1132 3079 1249 3163 pulcris
1271 3099 1308 3144 ac

198 3183 389 3270 magnificis3
422 3205 515 3268 quani
544 3184 674 3268 glossam
700 3181 786 3248 scioli
804 3183 836 3248 iu
862 3195 1001 3260 testum,
1025 3184 1111 3268 quasi
1140 3185 1309 3268 genuinam

198 3290 386 3362 lectionem,
416 3288 600 3370 receperint.

247 3396 365 3471 1,841.
414 3392 516 3458 illinus
539 3414 609 3456 vere
633 3394 782 3480 Forbiger
803 3395 959 3460 Lambini·
975 3396 1143 3461 acutissimi
1175 3397 1309 3461 auotori-

126 3506 128 3510 ’
199 3512 261 3566 tate
285 3498 453 3574 lectionem
493 3519 579 3562 suam
611 3509 727 3564 tuetur.
786 3501 953 3565 bambiuus
982 3501 1064 3566 enim
1103 3502 1136 3565 in
1174 3500 1308 3566 secunda

199 3607 336 3672 editione
366 3603 487 3688 posuit:
511 3604 636 3686 ignibus
671 3628 706 3670 es
743 3607 868 3692 ignem,
900 3607 1064 3672 humorem
1105 3631 1141 3674 es
1168 3607 1312 3672 humori·

199 3713 257 3778 bus
280 3732 361 3789 essa;
386 3708 445 3775 rid.
465 3721 569 3776 annot.
594 3712 700 3778 bamb.
723 3712 761 3776 ad
785 3711 814 3778 h.
834 3715 855 3777 l.
881 3715 913 3778 in
935 3713 972 3778 ed
995 3715 1122 3780 Harcrc.
1170 3714 1209 3779 Et
1228 3725 1312 3780 recte

198 3819 262 3888 ille.

242 3922 420 3988 Lectionem
446 3921 608 4007 Forbigeri
634 3923 756 3986 codices
794 3925 922 4010 quidem
958 3925 1092 4001 bahent,
1125 3925 1176 3989 sed
1198 3927 1310 4011 ipram

201 4049 263 4094 non
291 4031 384 4111 ignea
406 4049 469 4108 esse
496 4027 695 4092 scribendum
721 4029 834 4095 elocent
862 4055 965 4095 versus
986 4032 1177 4114 superiores:
1203 4055 1239 4096 ex
1260 4032 1311 4094 oi·

198 4132 347 4198 secribus
368 4135 495 4207 uiscus,
516 4135 674 4218 sauguinis
693 4138 807 4220 pratris
827 4129 994 4221 sarigaeri',
1021 4158 1060 4200 aa·
1095 4139 1178 4201 auri
1212 4138 1312 4202 rumis

199 4261 343 4314 aarum,
363 4238 403 4302 de
423 4239 531 4302 torris
549 4249 690 4306 terram.

243 4345 350 4410 Primo
364 4355 469 4408 autem
490 4353 614 4429 poetam
637 4347 746 4414 dixisse
762 4371 802 4414 ee
821 4347 953 4414 ossibus
971 4359 1065 4427 orro',
1090 4371 1153 4414 non
1174 4350 1311 4426 mirum,

197 4473 296 4546 quum
318 4472 353 4515 aa
371 4450 405 4518 iu
424 4449 575 4538 singulari
596 4453 719 4540 singula
740 4477 803 4521 ossa
815 4454 990 4542 significet,
1015 4477 1078 4522 non
1101 4455 1313 4522 collectivum
