2920 5044
708 289 749 372 u

176 510 238 574 que
269 509 332 554 essa
365 487 460 560 siros,
500 506 554 548 sua
584 502 743 567 quamque
781 491 889 544 natura
921 479 1108 566 praeditam,
1147 484 1220 548 inde
1248 487 1288 549 ah

175 595 302 668 infimo,
331 592 414 678 quod
439 615 470 656 se
506 590 677 654 manifestat
705 589 735 650 in
766 586 831 673 igni
859 589 968 651 nostris
996 589 1155 666 sensibus,
1189 611 1289 676 usque

176 701 213 766 ad
237 721 414 772 surumum,
444 697 528 782 quod
556 695 695 759 animum
726 693 955 780 hominumque
983 693 1182 781 deorumque
1212 720 1289 764 eon·

176 807 294 881 stituit,
320 797 379 870 τὸν
403 796 516 869 κοινὸν
544 802 641 868 θεῖον
663 789 772 882 λόγον.

223 911 304 976 Hirro
324 908 389 993 jam
420 917 564 992 apparet,
597 902 755 988 quomodo
781 902 819 966 de
849 901 967 966 mundo
994 906 1194 988 pronuntiet:
1219 899 1288 976 ἀλλ’

178 1001 220 1094 ἦν
246 1007 297 1080 oiri
326 1016 382 1080 καὶ
403 1011 495 1078 ἔσται
520 1008 585 1100 πῦρ
607 1000 743 1086 ἀείζωον
774 999 961 1092 toramen
987 1009 1092 1096 μέτρα
1119 1015 1176 1075 καὶ
1208 1005 1292 1082 dato·

180 1111 396 1205 σβεννίμενον
421 1119 526 1206 μέτρα
552 1114 661 1203 (Clam.
682 1114 769 1177 Alex.
790 1113 904 1178 Strom.
937 1121 955 1178 5
987 1134 1018 1198 p.
1047 1113 1148 1202 599);
1174 1118 1294 1183 scilieet

180 1250 216 1292 ex
241 1225 326 1290 omui
354 1224 480 1290 materia
506 1245 559 1286 seu
584 1221 704 1308 agentis
733 1219 877 1304 principii
899 1221 1144 1287 manifestatione
1166 1236 1292 1290 externa

180 1331 259 1398 nihil
288 1329 384 1416 tnagis
414 1351 486 1392 curn
521 1326 616 1392 vivida
647 1326 700 1390 itta
733 1326 762 1388 ai
791 1329 961 1411 comparari
999 1348 1086 1416 posse
1106 1343 1219 1412 ‘quom
1251 1333 1295 1395 vi.

181 1437 273 1506 disset
293 1434 477 1504 heraclitus
507 1454 601 1518 quarn
633 1433 694 1496 vim
725 1433 870 1518 igneam,
894 1430 1084 1516 prinoipiurn
1107 1455 1201 1520 agens
1221 1437 1296 1502 dixit

182 1539 247 1630 πῦρ
273 1533 421 1619 ἀείζωον,
449 1528 622 1624 ζωογονοο.

228 1647 303 1712 Nec·
327 1648 399 1720 orit,
433 1645 506 1730 qui,
546 1644 604 1708 uisi
646 1663 769 1726 prorsus
804 1641 836 1704 iu
873 1639 1066 1728 philosophia
1104 1658 1231 1724 naturae
1268 1661 1297 1714 et

183 1753 278 1820 animi
308 1751 419 1835 hospes
440 1753 499 1827 sit,
530 1749 629 1812 virum
659 1746 878 1810 admirandum
909 1760 1020 1832 neget,
1057 1754 1112 1835 qui
1146 1754 1208 1817 sula
1233 1755 1297 1820 fere

185 1871 289 1926 mente
317 1870 347 1922 et
369 1854 575 1942 cogitatione,
600 1852 759 1938 phantasia
783 1852 882 1929 duce,
906 1853 945 1918 ad
969 1864 1031 1917 tam
1060 1859 1206 1943 egregia,
1229 1881 1298 1926 ma.

187 1964 353 2031 teriatismo
379 1961 463 2026 omui
492 1961 640 2034 liberata,
662 1959 775 2042 placita
804 1959 999 2042 pervenerit,
1031 1964 1153 2026 nonnisi
1180 1963 1240 2030 hae
1267 1967 1299 2032 iu

189 2092 222 2134 re
251 2059 329 2134 forte
360 2066 551 2151 culpandus,
579 2065 661 2150 quod
696 2085 759 2130 uon
784 2063 928 2162 distincte
952 2089 1038 2130 suam
1062 2070 1179 2154 auique
1197 2074 1301 2157 agenti

190 2187 331 2242 naturam
361 2172 579 2259 assignaverit,
613 2192 708 2256 quam
735 2172 901 2257 transgredi
929 2184 1037 2238 natura
1068 2177 1133 2259 ipsa
1163 2191 1302 2264 negaret.

191 2283 277 2348 Patet
303 2282 440 2365 plantam
468 2301 530 2342 non
560 2300 645 2363 posse
669 2277 736 2342 fieri
761 2278 894 2354 animal,
915 2301 974 2343 neo
997 2281 1112 2346 animal
1133 2282 1301 2350 homiuem.

191 2389 258 2474 Ipsa
299 2388 380 2450 enim
419 2385 494 2449 haee
527 2397 571 2449 est
597 2383 741 2448 animalis
771 2395 902 2461 natura,
938 2399 971 2451 ut
1008 2385 1100 2454 homo
1135 2390 1202 2454 fieri
1239 2414 1301 2456 uon

193 2495 305 2580 possit;
329 2494 370 2560 cs.
402 2495 440 2568 1,
470 2492 532 2555 671
561 2493 592 2554 do
622 2492 653 2555 2.
702 2489 805 2554 »Nam
826 2490 1040 2577 quodcunque
1068 2496 1130 2559 suis
1151 2507 1302 2560 mutatum

193 2600 307 2664 finibus
330 2597 413 2672 exit,
436 2596 588 2660 continuo
616 2595 676 2658 hoo
699 2615 779 2658 mors
802 2606 847 2659 est
869 2595 970 2673 illius,
1004 2599 1089 2683 quod
1111 2601 1170 2666 suit
1196 2607 1303 2668 ante.’'

195 2707 278 2770 Haec
307 2702 438 2768 strictim
466 2712 496 2766 et
528 2701 658 2787 abrupta
690 2701 769 2792 iorte
797 2700 835 2766 de
861 2703 1010 2768 Heracliti
1034 2707 1150 2772 meritis
1171 2709 1305 2793 exposita

194 2808 440 2900 praetermittere
460 2830 524 2872 nou
539 2808 645 2892 potui,
671 2808 812 2893 quamvis
834 2808 1006 2874 dubitarem
1031 2833 1112 2876 aune
1133 2825 1231 2878 esseut
1253 2815 1308 2900 qui

196 2939 247 2982 me
275 2916 377 3002 ipsum
401 2909 460 2977 τοῦ
475 2903 740 2998 ‘Hanni-stridere
763 2913 991 2982 insimularent.

241 3023 309 3088 dam
340 3040 412 3086 vero
438 3018 477 3086 ad
502 3019 640 3105 singulos
662 3018 876 3104 disputationis
904 3033 1012 3086 eontra
1031 3023 1228 3090 'Heraclitum
1263 3025 1307 3089 lo-

200 3151 252 3194 eos
283 3125 477 3190 accedamus.
525 3125 562 3188 la
593 3147 681 3188 versu
711 3128 775 3189 647
804 3147 912 3191 omnes
936 3128 1058 3193 codices
1089 3129 1219 3208 hahent,
1253 3154 1309 3216 pro

199 3258 238 3298 eo·
260 3255 344 3308 utro,
371 3252 410 3294 en
428 3251 511 3320 uqa,
533 3231 618 3294 Gott.
638 3231 749 3317 fragm.
770 3254 827 3317 pro
845 3255 1016 3320 puroque,
1045 3258 1202 3322 veroque,
1227 3237 1309 3324 quod

199 3352 284 3406 reete
316 3359 378 3402 non
402 3337 666 3400 contemnendum
696 3350 799 3402 censet
827 3341 1001 3424 Preigerus.

244 3447 355 3529 Neque
381 3463 420 3504 eo
440 3463 506 3504 orto
532 3463 635 3528 neque
657 3466 696 3506 ee
711 3466 799 3529 puro
824 3447 968 3510 convenit
988 3447 1141 3515 Lucretio.
1189 3450 1311 3514 Etenim

201 3555 225 3617 si
249 3573 315 3614 noo
335 3551 472 3635 legatur,
497 3549 669 3612 necessario
689 3550 923 3635 explicandum,
942 3554 1057 3630 orrico,
1075 3555 1165 3630 eolo,
1189 3567 1219 3618 et
1240 3577 1312 3620 seu-

202 3681 252 3723 sus
275 3669 382 3720 esset.:
409 3655 442 3715 ri
465 3676 519 3716 rea
543 3665 624 3716 roret
648 3666 781 3718 ereotoo
805 3678 845 3717 ee
869 3678 934 3718 urso
959 3659 1040 3744 igni
1063 3671 1095 3722 et
1120 3683 1205 3733 oon,
1227 3659 1316 3746 quod

201 3761 374 3836 contendo,
392 3759 608 3843 expluribus
625 3773 764 3846 praeter
782 3761 878 3826 tono.
909 3764 968 3827 Sed
981 3765 1142 3830 Lucretius
1159 3790 1199 3831 ue
1221 3770 1315 3830 inter

203 3872 300 3957 prima
317 3867 442 3953 quidem
463 3889 567 3931 rerum
584 3869 700 3931 semina
720 3870 825 3954 ignem
846 3869 946 3935 hahet.
978 3871 1083 3954 lpsum
1106 3874 1187 3936 enim
1209 3875 1318 3960 iguem·

204 3985 342 4040 creatum
374 3995 437 4036 esse
464 3971 541 4036 dicit
571 3995 605 4038 ex
640 3984 814 4036 atomorum
845 3997 1015 4051 concursu,
1048 3988 1155 4054 motu,
1186 3978 1312 4056 ordine,

204 4081 362 4168 positura,
385 4078 509 4164 figuris,
532 4078 591 4143 vid.
623 4081 659 4154 t,
683 4082 839 4145 eet-90.
887 4082 995 4167 Neque
1025 4104 1060 4146 ox
1092 4105 1181 4168 puro
1205 4107 1319 4150 eonve-

206 4189 267 4266 nit;
292 4184 481 4270 significaret
508 4183 608 4247 enim:
638 4186 672 4246 st
696 4207 779 4262 raon,
802 4197 843 4248 ut
865 4209 982 4250 vorum
1000 4200 1069 4264 eat,
1095 4211 1135 4252 ea
1152 4192 1318 4254 commise-

205 4296 296 4358 tiooe
320 4303 351 4354 et
376 4287 573 4374 confusione
603 4292 703 4379 ignis
732 4315 807 4355 eum
830 4293 917 4356 atita
935 4295 1128 4375 elementia,
1158 4321 1212 4360 ree
1238 4309 1319 4362 aurat

205 4410 360 4474 oreotoe3
386 4395 468 4481 quod
494 4406 601 4462 contra
625 4410 762 4464 urentem
787 4400 921 4466 Lucretii
948 4413 1001 4468 est.
