2920 5044
745 355 794 420 58

219 553 304 615 malis
328 562 464 615 constare
486 552 573 614 variis
594 560 624 612 st
647 548 842 612 dissimilibus
862 549 1018 633 principiis
1049 551 1165 616 scilicet
1193 554 1335 630 ossibus,

219 679 345 734 cruore,
374 658 457 723 venis
488 656 575 720 otc?
621 655 729 740 Neque
758 653 841 718 aliud
869 655 924 717 sibi
953 657 1059 719 solunt
1084 658 1174 722 rerba
1204 668 1335 744 politae,

217 784 277 826 sec.
302 764 431 846 optimos
453 762 574 826 codices
598 761 745 823 restituta.

262 868 379 941 Primo,
396 866 515 930 codices
533 867 754 948 manuscriptos
774 863 887 928 habore
900 867 984 951 jam
1004 888 1081 930 vero
1100 876 1228 932 testatur
1242 871 1337 934 tam:
1374 933 1379 940 ,

215 973 325 1049 binus,
348 973 438 1055 cujus
463 974 635 1036 auctoritati
657 993 715 1034 our
736 969 811 1034 fides
834 969 976 1056 denegari
1000 973 1112 1056 possit,
1137 996 1199 1038 non
1224 975 1333 1051 video,
1447 965 1448 968 ¹

217 1089 247 1142 et
270 1102 369 1164 quum
392 1080 484 1163 ipsius
509 1078 628 1141 codices
650 1079 813 1140 maximam
839 1088 956 1159 partem
983 1099 1055 1142 oum
1082 1080 1230 1146 Vossiauis
1255 1102 1338 1146 con·

217 1185 322 1248 cicant
339 1186 661 1270 Havereampiusquc,
678 1185 761 1268 jam
792 1205 869 1246 vero
904 1183 1079 1261 exhibens,'
1100 1185 1138 1249 do
1168 1188 1203 1249 iis
1226 1189 1335 1265 sileat,

220 1290 438 1356 Vossianorum
460 1290 579 1354 accedit
609 1291 791 1364 auotoritas,
825 1288 915 1370 cujus
934 1291 1117 1373 'gravitatem
1149 1313 1221 1374 prae
1243 1303 1334 1357 cete-
1447 1271 1448 1290 ἶ

217 1396 274 1470 ris,
312 1406 377 1478 post
410 1394 617 1478 Madvigium,
651 1412 712 1457 nou
739 1403 799 1467 ost,
832 1404 868 1455 ut
899 1395 1039 1478 pluribus
1071 1396 1227 1462 ostendere
1254 1420 1334 1482 opus

215 1500 263 1561 sit.
311 1499 362 1562 Sic
386 1500 478 1561 etiam
498 1499 606 1583 optimi
628 1499 747 1561 codices
766 1497 935 1586 (Vossiani‚
957 1499 1049 1564 Vind.
1069 1501 1138 1564 cod.
1163 1501 1257 1568 Vind.
1276 1499 1330 1588 fr.)

217 1602 333 1666 habeut
356 1606 534 1688 quamvis,
561 1606 603 1667 ita
635 1615 670 1666 ut
697 1627 759 1667 non
783 1626 859 1688 opus
881 1605 919 1666 sit
944 1603 1000 1668 bac
1024 1607 1056 1668 iu
1081 1626 1170 1670 causa
1197 1617 1333 1673 statuere

215 1711 392 1773 Lucretium
415 1732 432 1772 a
454 1721 577 1794 recepto
603 1731 660 1772 usu
681 1712 797 1793 generis
818 1711 957 1774 feminini
969 1755 983 1785 ,
1003 1712 1027 1773 si
1047 1713 1209 1776 animone
1228 1713 1331 1798 quod-

215 1817 258 1878 vis
285 1815 399 1877 animal
435 1815 612 1899 significat,
646 1815 816 1879 deflexisse:
870 1815 1028 1902 Denique,
1065 1819 1137 1881 licet
1167 1818 1332 1884 Vossianus

217 1921 292 1983 alter
313 1940 386 1982 cum
409 1921 516 1982 ceteris
535 1920 718 2006 apographis
750 1921 862 1985 babeat
886 1945 974 1997 una,
1003 1935 1088 1987 vetus
1112 1924 1273 1990 Vossianus
1300 1936 1332 1990 et

216 2023 336 2087 codices
367 2025 508 2088 Lambini
541 2025 677 2113 (proptor
711 2025 804 2109 hujus
842 2025 1007 2113 silentium)
1050 2028 1163 2094 habeut
1199 2052 1303 2096 unum
1314 2055 1330 2108 ,·

218 2129 302 2215 quod
323 2130 479 2215 quomodo
498 2133 603 2194 omissa
626 2133 737 2196 lineola
772 2129 860 2220 (uua)
882 2134 914 2196 iu
934 2156 1004 2197 urio
1024 2134 1150 2210 abierit,
1183 2136 1330 2200 facillime

216 2237 292 2298 ratio
320 2235 404 2299 reddi
433 2249 549 2320 potest,
573 2260 673 2324 quum
694 2241 838 2303 contrarii
859 2261 963 2318 caussa
984 2261 1046 2304 nou
1068 2252 1223 2326 appareat.
1266 2241 1329 2306 Sed

218 2363 257 2404 ne
289 2364 358 2404 uno
382 2343 505 2426 quidem
527 2355 635 2428 aptum
660 2355 724 2419 est,
757 2367 855 2418 uam,
877 2356 913 2408 ut
944 2343 982 2408 dc
1014 2346 1133 2409 insolito
1152 2345 1246 2428 hujus
1272 2369 1328 2411 usu

216 2456 350 2523 taceam,
369 2449 408 2522 si,
433 2470 493 2513 seo.
510 2450 654 2527 Wakcl.,
681 2449 719 2512 ad
738 2449 938 2514 differentiam
963 2453 1143 2514 animalium
1167 2454 1234 2516 uuis
1257 2453 1276 2515 i.
1298 2475 1326 2516 e.

215 2553 364 2614 similibus
393 2554 506 2616 ossibus
539 2566 598 2617 etc.
632 2557 778 2619 referatur
811 2567 891 2619 totus
920 2558 1025 2631 locus,
1052 2567 1118 2620 tum
1147 2577 1324 2645 supervaca-

216 2677 273 2718 nea
293 2666 337 2717 est
358 2657 549 2740 singulorum
566 2661 757 2724 ¹enumeratio
795 2659 892 2748 (ossa,
915 2683 1007 2725 cruor
1024 2659 1098 2744 etc.)
1133 2673 1187 2725 aut
1208 2661 1244 2725 ad
1266 2663 1326 2728 siu·

216 2760 289 2845 gula
311 2783 399 2824 unna
418 2763 513 2846 repeti
536 2762 707 2844 debuisset3
742 2776 809 2830 tum
834 2789 937 2851 pune,
960 2789 1046 2830 remu
1068 2769 1155 2844 670,
1187 2766 1226 2831 ad
1248 2771 1325 2832 uoi-

206 2877 348 2948 *mcotec
369 2867 472 2931 referri
501 2868 644 2945 deberet,
668 2892 768 2956 quum
790 2873 873 2935 omni
891 2875 1017 2936 omnino
1047 2874 1162 2938 ratione
1182 2872 1221 2936 ad
1242 2895 1324 2948 ossa,

214 2989 305 3033 cruor
327 2982 386 3034 eto.
413 2973 571 3054 pertineat.
620 2975 671 3036 llis
698 2975 858 3059 disputatis
885 2988 969 3061 patet
1000 2999 1072 3042 cum
1096 2979 1244 3042 Lambino
1268 2999 1323 3044 ce-

210 3078 346 3162 terisque
365 3079 588 3162 antiquioribus
606 3081 823 3164 interpretibus
844 3104 906 3146 csse
929 3085 1094 3148 necessario
1119 3085 1299 3170 legendum:

258 3281 340 3346 Jam
358 3305 436 3346 cero
456 3290 614 3370 quemvis
634 3292 865 3366 animantem,
891 3293 1105 3356 scematibus
1127 3317 1252 3367 unam,

257 3491 389 3572 Quaeris
415 3493 552 3558 animans
575 3506 695 3560 constat
717 3498 851 3574 ossibus,
885 3521 993 3566 cruore
1015 3513 1074 3568 otc.
1097 3523 1170 3586 ergo
1196 3500 1322 3566 dissimi-

213 3597 303 3663 libus.
338 3597 503 3682 Jungenda
522 3610 593 3664 sunt
612 3622 652 3662 eo
671 3603 827 3667 omnihus
847 3627 970 3682 enom,
992 3607 1194 3692 significantia
1217 3628 1323 3693 »quae

210 3723 246 3766 ex
270 3705 434 3782 omnibus,
457 3727 538 3790 quae
560 3727 627 3773 eam
650 3711 867 3804 constituunt,
899 3734 971 3776 oum
992 3714 1029 3776 sit
1049 3713 1236 3798 composita,
1262 3735 1323 3780 una
1368 3775 1374 3778 .

209 3818 313 3874 tamen
347 3814 434 3888 est;''
467 3830 548 3893 quae
580 3813 788 3897 interpretatio
814 3819 935 3903 egregie
957 3818 1156 3884 confirmatur
1177 3816 1256 3885 libro
1279 3819 1320 3892 2,

209 3934 251 3975 vs
278 3915 441 3978 267-69:

256 4138 274 4180 »
290 4116 389 4203 Quod
403 4139 514 4205 genus
534 4123 573 4183 in
595 4126 713 4208 quouis
736 4129 955 4194 animantum
978 4133 1086 4197 visere
1109 4130 1209 4218 volgo

252 4221 323 4286 Est
342 4222 422 4286 odor
441 4225 631 4311 etquidem
651 4230 747 4297 calor
768 4243 799 4294 et
823 4254 949 4317 sapon
972 4245 1004 4298 et
1024 4246 1140 4298 tamen
1162 4255 1198 4298 ex
1224 4233 1269 4298 bis
1303 4291 1308 4302 .

254 4324 407 4396 Omnibus
433 4342 476 4394 est
499 4355 599 4402 unum
623 4336 796 4418 perfectum
819 4341 952 4424 corporis
975 4345 1145 4426 augmen.”
