2874 5048
720 309 767 368 82

196 505 308 590 genio,
333 504 397 566 aliis
425 522 487 564 uon
520 500 575 562 sibi
602 499 775 581 imperitare
798 496 926 572 doctus,
956 518 1025 560 acer
1056 509 1086 561 et
1116 501 1303 572 iracundus,

196 612 258 672 imo
293 609 422 672 furiosus
454 625 564 688 saepe,
603 614 676 666 teste
711 603 831 678 llarco,
867 613 917 678 et,
943 624 1007 687 quo
1030 606 1176 668 acriorem
1211 606 1306 683 bilem

194 714 251 782 sibi
269 703 407 798 pararet,
432 713 495 795 ipse
516 717 629 793 poe’ta,
652 707 877 793 tragoediarum
901 709 1193 796 comoediarnmque
1211 714 1306 796 scrip·

197 831 264 893 tor,
288 817 359 893 sed,
385 816 483 880 eheu!
518 816 631 878 infelici
658 833 820 889 successu,
856 814 879 875 si
907 814 1000 876 talem
1038 819 1220 879 senteutiam
1262 818 1307 878 fa·

197 946 313 989 mosam
342 923 419 986 ferre
442 923 530 984 liceat
562 943 597 984 ex
618 918 741 996 dictis,
767 920 898 981 maxime
921 940 990 980 vero
1014 941 1049 982 ex
1073 920 1213 984 cilentio
1246 923 1307 985 fra·

198 1031 269 1104 tris,
297 1028 478 1112 ceteroquin
504 1025 585 1089 haud
618 1027 702 1110 parci
736 1027 768 1087 iu
803 1023 945 1086 laudibus
997 1026 1166 1088 amicorum
1206 1027 1307 1095 litera·

197 1136 247 1198 riis
285 1131 493 1205 celebrandis,
526 1131 699 1214 praesertim
733 1150 794 1191 non
826 1138 980 1190 oratorum
1002 1129 1206 1193 -videatur
1236 1153 1309 1215 pas„—

197 1243 264 1304 sim.
312 1241 355 1304 Ex
395 1237 502 1304 umbra
533 1236 591 1299 hac
630 1231 856 1301 characterismi
890 1235 959 1326 quis
1000 1257 1061 1302 nou
1094 1235 1197 1312 videt,
1231 1259 1309 1324 qua.

196 1347 258 1409 lem
292 1342 433 1427 judicem
472 1343 646 1419 Lucretius,
680 1351 743 1402 toto
768 1339 853 1402 coelo
876 1338 1029 1416 diversus,
1054 1363 1126 1403 eum
1151 1353 1226 1404 esset
1250 1343 1306 1406 ha·

197 1451 337 1524 biturus,
388 1456 479 1533 poeta
524 1449 567 1510 vel
620 1446 660 1517 ob
709 1447 874 1510 novitatem
926 1445 1048 1508 celeber
1104 1447 1309 1535 manibusque

200 1556 306 1630 tritus,
339 1561 462 1638 poetam
515 1553 714 1635 neglectum!
762 1550 991 1615 Gondcurnatus
1026 1564 1088 1615 erat
1127 1555 1307 1630 Lucretius,

199 1682 302 1746 ueque
323 1662 355 1723 in
379 1662 531 1744 integrum
566 1656 789 1730 restituendus,
826 1659 849 1718 si
881 1655 1028 1741 Aequitas
1071 1659 1133 1742 ipsa
1173 1681 1190 1722 e
1223 1660 1310 1726 coelo

200 1765 400 1829 descendisset
431 1776 525 1851 atque
566 1765 803 1849 eloquentissimi
844 1764 1055 1825 Romanorum
1094 1751 1153 1825 ore
1186 1787 1309 1829 causam

200 1870 331 1935 dixisset.
378 1871 422 1933 lla
449 1869 497 1934 his
518 1892 590 1953 ergo
624 1869 761 1952 suspicor
783 1871 841 1931 tale
865 1867 941 1953 quid
970 1890 986 1929 a
1016 1869 1134 1947 Quinto
1163 1871 1202 1933 ad
1225 1871 1307 1934 Illar-

201 1997 274 2042 cum
299 1977 445 2059 scriptum
459 1977 569 2038 luisse:
595 1973 738 2059 »ecquid
760 1975 878 2059 legisti,
904 1995 984 2059 quae
1004 1996 1103 2058 nuper
1113 1974 1308 2059 prodierunt,

200 2082 335 2154 Lucretii
358 2080 530 2166 poemata?
588 2081 656 2144 llon
697 2081 831 2145 multum
867 2081 930 2148 istis
966 2081 1061 2143 inesse
1096 2091 1192 2164 puto,
1225 2081 1310 2167 quod

201 2195 323 2274 poetam
345 2188 424 2264 olet;
446 2179 590 2270 pedestris
612 2197 656 2248 est
685 2187 800 2264 oratio;
830 2184 934 2262 arida,
969 2205 1063 2270 qnam
1089 2196 1219 2263 tractat,
1241 2209 1311 2256 ma·-

201 2295 297 2372 tcria;
332 2291 446 2357 aridior
478 2293 540 2374 ipsa
565 2290 717 2356 tractandi
752 2292 846 2368 rati03
882 2289 966 2355 nulla
1002 2311 1095 2354 venus
1139 2292 1195 2357 nisi
1230 2293 1313 2362 Deae

200 2416 314 2466 nomen
338 2399 458 2481 saepius
482 2397 666 2480 repetitum;
693 2419 794 2463 merae
818 2396 1037 2480 Epicurearum
1063 2419 1215 2480 ungarum
1241 2421 1311 2466 um·

203 2505 295 2577 brae,
340 2500 455 2564 nullis
495 2501 686 2566 luminibus
725 2499 903 2575 distinctae,
946 2501 1028 2568 nulla
1062 2503 1133 2566 luce
1165 2504 1310 2579 variatae,

204 2609 298 2695 quam
318 2617 421 2673 tamen
440 2607 500 2669 suis
519 2605 666 2674 adbibere
689 2607 786 2671 solent
806 2607 931 2690 picturis
952 2609 997 2673 vel
1022 2606 1187 2678 mediocres
1206 2611 1314 2692 piem-

203 2718 271 2777 res”
292 2724 354 2783 etc.
400 2712 439 2774 Et
459 2733 564 2786 nunc,
597 2712 698 2796 cogita
720 2712 896 2778 Ciceronem
912 2711 1067 2794 judicium
1087 2715 1184 2782 fratris
1206 2716 1312 2798 legen-

204 2832 286 2898 tem3
310 2819 417 2902 cogita
442 2816 507 2899 ejus
538 2829 700 2892 naturam,
738 2819 819 2902 pacis
856 2830 1025 2890 amantem,
1060 2819 1158 2886 fratris
1189 2821 1312 2896 iracun-

203 2925 287 2993 diam
315 2934 488 2997 verentem,
523 2921 614 3005 cnjus
640 2923 764 2992 acerbos
794 2925 912 2991 fructus
943 2924 1047 2986 multia
1078 2945 1152 2986 cum
1182 2925 1312 3010 querelis

204 3032 265 3094 sois
298 3030 410 3092 multos
438 3026 503 3109 jam
548 3038 737 3111 perceperot;
772 3027 816 3089 his
857 3026 935 3092 adde
967 3030 1102 3110 ipsorum
1140 3031 1313 3100 carminum

205 3137 372 3208 rationem,
399 3133 430 3196 in
455 3133 575 3216 ingrata
599 3155 688 3216 saepe
712 3135 837 3203 materia
862 3135 1064 3209 versantium,
1098 3136 1219 3218 poetico
1248 3136 1312 3204 ler-

206 3242 270 3306 vori
305 3240 497 3316 reluctante3
543 3221 675 3301 alienam
708 3239 800 3308 Tullii
836 3238 875 3300 ab
901 3239 1034 3322 Epicuro
1066 3251 1221 3317 mentem,
1252 3261 1315 3326 qno

206 3348 308 3434 ipsum
344 3344 512 3430 Epicurum
556 3343 669 3426 injuste
694 3343 865 3427 judicarat;
902 3343 1109 3408 animadverte
1144 3345 1220 3410 haec
1243 3367 1313 3410 om-

206 3454 258 3518 nia
312 3461 418 3520 tamen¹
469 3471 531 3514 uon
571 3471 608 3510 co
644 3471 741 3533 usque
790 3451 888 3512 valere
924 3451 1075 3534 potuisse,
1128 3453 1313 3535 quominus,

207 3557 347 3644 quamvis
371 3553 487 3634 Quinto
520 3552 711 3628 concedens,
757 3554 886 3618 multae
925 3575 986 3616 esse
1028 3557 1123 3618 ortis
1159 3567 1316 3639 peonnam

207 3662 437 3750 pronuntiaret3
451 3696 493 3710 -·
518 3657 593 3724 baec
626 3659 800 3744 perpende,
833 3671 863 3722 et
895 3661 1066 3732 Lucretius
1088 3683 1149 3729 neu
1190 3660 1317 3731 habebit

206 3767 290 3856 quod
326 3787 415 3849 aegre
448 3765 525 3826 ferat
548 3785 605 3830 nec
639 3788 714 3842 nos,
756 3765 840 3850 quod
884 3769 1007 3830 veritate
1050 3767 1145 3829 invita
1180 3767 1317 3836 violentis

208 3871 393 3956 conjecturis
423 3870 574 3934 infectum
597 3871 697 3937 facere
732 3872 868 3937 velimus.

254 3979 394 4061 Denique
422 3976 554 4040 omnine
588 3977 684 4060 probe
716 3975 884 4040 tenendum
921 3987 983 4053 est,
1026 3977 1101 4062 quid
1134 3977 1241 4050 Cicero
1263 3997 1318 4060 per

212 4085 346 4150 lomina
363 4081 509 4167 ‘ingenii
531 4082 722 4152 intellexerit.

257 4189 408 4260 Lamina
430 4186 568 4273 ingenii
588 4187 697 4260 Cicero
712 4187 821 4253 dixisse
842 4187 961 4254 videtur
979 4187 1018 4252 de
1036 4189 1225 4260 ornamentis
1242 4194 1317 4274 pei-

210 4296 265 4361 tici
300 4292 442 4379 ingenii,
483 4291 645 4377 epicediis,
685 4293 817 4379 poeticis
841 4293 1133 4380 descriptionibus,
1174 4295 1320 4366 translate

213 4424 249 4466 ex
274 4397 426 4474 rhetorica
454 4398 590 4482 inqua,
623 4409 659 4464 nt
687 4401 787 4470 verbis
809 4400 903 4468 Tullii
930 4400 1025 4478 'utor,
1066 4402 1259 4474 »verborum
1290 4411 1321 4466 et
