<?xml version="1.0" encoding="UTF-8"?>
<!DOCTYPE html PUBLIC "-//W3C//DTD XHTML 1.0 Transitional//EN"
    "http://www.w3.org/TR/xhtml1/DTD/xhtml1-transitional.dtd">
<html xmlns="http://www.w3.org/1999/xhtml" xml:lang="en" lang="en">
 <head>
  <title>
</title>
<meta http-equiv="Content-Type" content="text/html;charset=utf-8" />
  <meta name='ocr-system' content='tesseract 3.04.00' />
  <meta name='ocr-capabilities' content='ocr_page ocr_carea ocr_par ocr_line ocrx_word'/>
</head>
<body>
  <div class='ocr_page' id='page_1' title='image "./dissertatiocrit00roosgoog_0058.png"; bbox 0 0 2874 5048; ppageno 0'>
   <div class='ocr_carea' id='block_1_1' title="bbox 566 349 696 415">
    <p class='ocr_par' dir='ltr' id='par_1_1' title="bbox 566 349 696 415">
     <span class='ocr_line' id='line_1_1' title="bbox 566 349 696 415; baseline -0.038 0"><span class='ocrx_word' id='word_1_1' title='bbox 566 349 696 415; x_wconf 71' lang='grc'>’45</span> 
     </span>
    </p>
   </div>
   <div class='ocr_carea' id='block_1_2' title="bbox 110 544 1240 2646">
    <p class='ocr_par' dir='ltr' id='par_1_2' title="bbox 110 544 1240 2646">
     <span class='ocr_line' id='line_1_2' title="bbox 129 544 1239 632; baseline -0.009 -20"><span class='ocrx_word' id='word_1_2' title='bbox 129 549 220 614; x_wconf 90' lang='lat' dir='ltr'>binus</span> <span class='ocrx_word' id='word_1_3' title='bbox 243 567 385 632; x_wconf 82' lang='lat' dir='ltr'>expresse</span> <span class='ocrx_word' id='word_1_4' title='bbox 400 544 439 609; x_wconf 89' lang='lat' dir='ltr'>de</span> <span class='ocrx_word' id='word_1_5' title='bbox 458 545 621 608; x_wconf 82' lang='lat' dir='ltr'>nonnullis</span> <span class='ocrx_word' id='word_1_6' title='bbox 645 545 776 620; x_wconf 89' lang='lat' dir='ltr'>saltem,</span> <span class='ocrx_word' id='word_1_7' title='bbox 800 545 983 612; x_wconf 85' lang='lat' dir='ltr'>Memmiano</span> <span class='ocrx_word' id='word_1_8' title='bbox 1005 549 1085 614; x_wconf 85' lang='lat' dir='ltr'>forte</span> <span class='ocrx_word' id='word_1_9' title='bbox 1111 561 1140 614; x_wconf 84' lang='lat' dir='ltr'>ct</span> <span class='ocrx_word' id='word_1_10' title='bbox 1159 554 1239 617; x_wconf 86' lang='lat' dir='ltr'>Ber.</span> 
     </span>
     <span class='ocr_line' id='line_1_3' title="bbox 128 651 1240 739; baseline 0.003 -21"><span class='ocrx_word' id='word_1_11' title='bbox 128 654 267 731; x_wconf 89' lang='lat' dir='ltr'>tiniano,</span> <span class='ocrx_word' id='word_1_12' title='bbox 290 655 391 739; x_wconf 88' lang='lat' dir='ltr'>iisque</span> <span class='ocrx_word' id='word_1_13' title='bbox 417 651 542 736; x_wconf 88' lang='lat' dir='ltr'>optimis</span> <span class='ocrx_word' id='word_1_14' title='bbox 573 661 724 727; x_wconf 85' lang='lat' dir='ltr'>testatur,</span> <span class='ocrx_word' id='word_1_15' title='bbox 755 671 849 736; x_wconf 91' lang='lat' dir='ltr'>quam</span> <span class='ocrx_word' id='word_1_16' title='bbox 876 653 1061 736; x_wconf 73' lang='lat' dir='ltr'><strong>scripturam</strong></span> <span class='ocrx_word' id='word_1_17' title='bbox 1088 669 1172 722; x_wconf 87' lang='lat' dir='ltr'>recte</span> <span class='ocrx_word' id='word_1_18' title='bbox 1195 658 1240 721; x_wconf 79' lang='lat' dir='ltr'>vi-</span> 
     </span>
     <span class='ocr_line' id='line_1_4' title="bbox 127 754 1239 846; baseline 0.002 -21"><span class='ocrx_word' id='word_1_19' title='bbox 127 761 193 834; x_wconf 85' lang='lat' dir='ltr'>dit,</span> <span class='ocrx_word' id='word_1_20' title='bbox 229 761 275 824; x_wconf 91' lang='lat' dir='ltr'>nti</span> <span class='ocrx_word' id='word_1_21' title='bbox 299 761 397 836; x_wconf 89' lang='lat' dir='ltr'>solet,</span> <span class='ocrx_word' id='word_1_22' title='bbox 428 754 650 822; x_wconf 70' lang='lat' dir='ltr'>restituendam</span> <span class='ocrx_word' id='word_1_23' title='bbox 695 777 760 820; x_wconf 88' lang='lat' dir='ltr'>esse</span> <span class='ocrx_word' id='word_1_24' title='bbox 803 768 835 821; x_wconf 88' lang='lat' dir='ltr'>et</span> <span class='ocrx_word' id='word_1_25' title='bbox 871 758 1126 846; x_wconf 87' lang='lat' dir='ltr'>conjungendam</span> <span class='ocrx_word' id='word_1_26' title='bbox 1165 784 1239 827; x_wconf 89' lang='lat' dir='ltr'>cum</span> 
     </span>
     <span class='ocr_line' id='line_1_5' title="bbox 128 862 1239 953; baseline 0.003 -23"><span class='ocrx_word' id='word_1_27' title='bbox 128 862 252 953; x_wconf 88' lang='lat' dir='ltr'>modo).</span> <span class='ocrx_word' id='word_1_28' title='bbox 301 867 427 930; x_wconf 80' lang='lat' dir='ltr'>Etenim</span> <span class='ocrx_word' id='word_1_29' title='bbox 449 887 492 929; x_wconf 79' lang='lat' dir='ltr'>vs.</span> <span class='ocrx_word' id='word_1_30' title='bbox 517 864 648 930; x_wconf 83' lang='lat'>937-62</span> <span class='ocrx_word' id='word_1_31' title='bbox 670 863 833 928; x_wconf 85' lang='lat' dir='ltr'>continent</span> <span class='ocrx_word' id='word_1_32' title='bbox 856 864 1095 932; x_wconf 83' lang='lat' dir='ltr'>illustrationem</span> <span class='ocrx_word' id='word_1_33' title='bbox 1116 879 1145 932; x_wconf 93' lang='lat' dir='ltr'>et</span> <span class='ocrx_word' id='word_1_34' title='bbox 1162 890 1239 953; x_wconf 91' lang='lat' dir='ltr'>pro·</span> 
     </span>
     <span class='ocr_line' id='line_1_6' title="bbox 128 969 1237 1054; baseline 0.002 -18"><span class='ocrx_word' id='word_1_35' title='bbox 128 973 302 1037; x_wconf 87' lang='lat' dir='ltr'>bationem:</span> <span class='ocrx_word' id='word_1_36' title='bbox 338 992 430 1034; x_wconf 75' lang='lat' dir='ltr'>anon</span> <span class='ocrx_word' id='word_1_37' title='bbox 459 970 527 1033; x_wconf 91' lang='lat' dir='ltr'>fieri</span> <span class='ocrx_word' id='word_1_38' title='bbox 572 981 697 1054; x_wconf 88' lang='lat' dir='ltr'>partum</span> <span class='ocrx_word' id='word_1_39' title='bbox 728 969 787 1032; x_wconf 93' lang='lat' dir='ltr'>nisi</span> <span class='ocrx_word' id='word_1_40' title='bbox 823 971 958 1034; x_wconf 87' lang='lat' dir='ltr'>concilio</span> <span class='ocrx_word' id='word_1_41' title='bbox 997 985 1070 1038; x_wconf 91' lang='lat' dir='ltr'>ante</span> <span class='ocrx_word' id='word_1_42' title='bbox 1109 985 1237 1051; x_wconf 83' lang='lat' dir='ltr'>coacto,</span> 
     </span>
     <span class='ocr_line' id='line_1_7' title="bbox 123 1067 1239 1166; baseline 0.002 -24"><span class='ocrx_word' id='word_1_43' title='bbox 123 1067 189 1143; x_wconf 53' lang='lat' dir='ltr'>&#39;nec</span> <span class='ocrx_word' id='word_1_44' title='bbox 230 1078 404 1166; x_wconf 82' lang='lat' dir='ltr'>quidquam</span> <span class='ocrx_word' id='word_1_45' title='bbox 443 1076 628 1140; x_wconf 90' lang='lat' dir='ltr'>commutari</span> <span class='ocrx_word' id='word_1_46' title='bbox 666 1077 733 1140; x_wconf 92' lang='lat' dir='ltr'>sine</span> <span class='ocrx_word' id='word_1_47' title='bbox 778 1077 984 1143; x_wconf 88' lang='lat' dir='ltr'>conciliatu.”</span> <span class='ocrx_word' id='word_1_48' title='bbox 1041 1081 1080 1143; x_wconf 88' lang='lat' dir='ltr'>Et</span> <span class='ocrx_word' id='word_1_49' title='bbox 1109 1079 1239 1166; x_wconf 89' lang='lat' dir='ltr'>quidem</span> 
     </span>
     <span class='ocr_line' id='line_1_8' title="bbox 130 1184 1238 1270; baseline 0 -20"><span class='ocrx_word' id='word_1_50' title='bbox 130 1189 263 1251; x_wconf 82' lang='lat'><strong>937-42</strong></span> <span class='ocrx_word' id='word_1_51' title='bbox 291 1185 445 1270; x_wconf 87' lang='lat' dir='ltr'>probant:</span> <span class='ocrx_word' id='word_1_52' title='bbox 477 1203 541 1245; x_wconf 88' lang='lat' dir='ltr'>non</span> <span class='ocrx_word' id='word_1_53' title='bbox 572 1203 638 1246; x_wconf 87' lang='lat' dir='ltr'>esse</span> <span class='ocrx_word' id='word_1_54' title='bbox 667 1203 775 1246; x_wconf 88' lang='lat' dir='ltr'>sensus</span> <span class='ocrx_word' id='word_1_55' title='bbox 798 1195 871 1248; x_wconf 89' lang='lat' dir='ltr'>ante</span> <span class='ocrx_word' id='word_1_56' title='bbox 900 1184 999 1268; x_wconf 90' lang='lat' dir='ltr'>ipsam</span> <span class='ocrx_word' id='word_1_57' title='bbox 1025 1187 1238 1263; x_wconf 88' lang='lat' dir='ltr'>animantem,</span> 
     </span>
     <span class='ocr_line' id='line_1_9' title="bbox 130 1287 1239 1380; baseline 0 -24"><span class='ocrx_word' id='word_1_58' title='bbox 130 1293 226 1380; x_wconf 88' lang='lat' dir='ltr'>quia,</span> <span class='ocrx_word' id='word_1_59' title='bbox 248 1290 397 1356; x_wconf 89' lang='lat' dir='ltr'>animanti</span> <span class='ocrx_word' id='word_1_60' title='bbox 425 1287 566 1352; x_wconf 92' lang='lat' dir='ltr'>nondum</span> <span class='ocrx_word' id='word_1_61' title='bbox 594 1288 718 1375; x_wconf 85' lang='lat' dir='ltr'>genita,</span> <span class='ocrx_word' id='word_1_62' title='bbox 763 1290 817 1374; x_wconf 90' lang='lat' dir='ltr'>(ita</span> <span class='ocrx_word' id='word_1_63' title='bbox 860 1287 1063 1376; x_wconf 88' lang='lat' dir='ltr'>interpretor)</span> <span class='ocrx_word' id='word_1_64' title='bbox 1109 1292 1239 1356; x_wconf 90' lang='lat' dir='ltr'>materia</span> 
     </span>
     <span class='ocr_line' id='line_1_10' title="bbox 134 1392 1237 1483; baseline 0.002 -23"><span class='ocrx_word' id='word_1_65' title='bbox 134 1396 232 1483; x_wconf 86' lang='lat' dir='ltr'>(unde</span> <span class='ocrx_word' id='word_1_66' title='bbox 254 1398 401 1482; x_wconf 81' lang='lat' dir='ltr'>gignetur</span> <span class='ocrx_word' id='word_1_67' title='bbox 433 1392 586 1480; x_wconf 91' lang='lat' dir='ltr'>animans)</span> <span class='ocrx_word' id='word_1_68' title='bbox 626 1395 797 1459; x_wconf 88' lang='lat' dir='ltr'>etiamnum</span> <span class='ocrx_word' id='word_1_69' title='bbox 836 1393 888 1460; x_wconf 93' lang='lat' dir='ltr'>hic</span> <span class='ocrx_word' id='word_1_70' title='bbox 933 1398 999 1460; x_wconf 92' lang='lat' dir='ltr'>illic</span> <span class='ocrx_word' id='word_1_71' title='bbox 1029 1398 1167 1483; x_wconf 85' lang='lat' dir='ltr'>dispersa</span> <span class='ocrx_word' id='word_1_72' title='bbox 1191 1408 1237 1462; x_wconf 89' lang='lat' dir='ltr'>est</span> 
     </span>
     <span class='ocr_line' id='line_1_11' title="bbox 130 1500 1239 1588; baseline -0.001 -20"><span class='ocrx_word' id='word_1_73' title='bbox 130 1525 187 1588; x_wconf 86' lang='lat' dir='ltr'>per</span> <span class='ocrx_word' id='word_1_74' title='bbox 211 1511 333 1579; x_wconf 72' lang='lat' dir='ltr'>aerem,</span> <span class='ocrx_word' id='word_1_75' title='bbox 367 1501 518 1576; x_wconf 89' lang='lat' dir='ltr'>flumina,</span> <span class='ocrx_word' id='word_1_76' title='bbox 549 1512 663 1577; x_wconf 87' lang='lat' dir='ltr'>terras,</span> <span class='ocrx_word' id='word_1_77' title='bbox 687 1502 834 1587; x_wconf 70' lang='lat' dir='ltr'>terrisque</span> <span class='ocrx_word' id='word_1_78' title='bbox 859 1514 981 1582; x_wconf 82' lang='lat' dir='ltr'>creata3</span> <span class='ocrx_word' id='word_1_79' title='bbox 1008 1500 1080 1587; x_wconf 91' lang='lat' dir='ltr'>[alia</span> <span class='ocrx_word' id='word_1_80' title='bbox 1097 1504 1239 1568; x_wconf 90' lang='lat' dir='ltr'>animan·</span> 
     </span>
     <span class='ocr_line' id='line_1_12' title="bbox 132 1606 1238 1696; baseline 0.001 -24"><span class='ocrx_word' id='word_1_81' title='bbox 132 1610 194 1688; x_wconf 89' lang='lat' dir='ltr'>tia;</span> <span class='ocrx_word' id='word_1_82' title='bbox 226 1630 300 1672; x_wconf 83' lang='lat' dir='ltr'>nem</span> <span class='ocrx_word' id='word_1_83' title='bbox 324 1608 538 1695; x_wconf 76' lang='lat' dir='ltr'>flammaque</span> <span class='ocrx_word' id='word_1_84' title='bbox 565 1608 691 1669; x_wconf 77' lang='lat' dir='ltr'>creatis</span> <span class='ocrx_word' id='word_1_85' title='bbox 719 1606 898 1693; x_wconf 85' lang='lat' dir='ltr'>(utcontra</span> <span class='ocrx_word' id='word_1_86' title='bbox 926 1609 1049 1673; x_wconf 88' lang='lat' dir='ltr'>codices</span> <span class='ocrx_word' id='word_1_87' title='bbox 1080 1609 1238 1696; x_wconf 89' lang='lat' dir='ltr'>antiquio-</span> 
     </span>
     <span class='ocr_line' id='line_1_13' title="bbox 131 1712 1239 1800; baseline -0.001 -21"><span class='ocrx_word' id='word_1_88' title='bbox 131 1737 179 1779; x_wconf 87' lang='lat' dir='ltr'>res</span> <span class='ocrx_word' id='word_1_89' title='bbox 203 1716 387 1799; x_wconf 86' lang='lat' dir='ltr'>interpretes</span> <span class='ocrx_word' id='word_1_90' title='bbox 402 1735 493 1798; x_wconf 88' lang='lat' dir='ltr'>saepe</span> <span class='ocrx_word' id='word_1_91' title='bbox 515 1712 726 1796; x_wconf 83' lang='lat' dir='ltr'>scripserunt,</span> <span class='ocrx_word' id='word_1_92' title='bbox 752 1733 789 1775; x_wconf 92' lang='lat' dir='ltr'>eo</span> <span class='ocrx_word' id='word_1_93' title='bbox 809 1713 957 1790; x_wconf 89' lang='lat' dir='ltr'>consilio,</span> <span class='ocrx_word' id='word_1_94' title='bbox 991 1725 1026 1778; x_wconf 91' lang='lat' dir='ltr'>ut</span> <span class='ocrx_word' id='word_1_95' title='bbox 1050 1727 1184 1800; x_wconf 89' lang='lat' dir='ltr'>quatuor</span> <span class='ocrx_word' id='word_1_96' title='bbox 1205 1715 1239 1778; x_wconf 93' lang='lat' dir='ltr'>in</span> 
     </span>
     <span class='ocr_line' id='line_1_14' title="bbox 131 1813 1238 1907; baseline 0.001 -23"><span class='ocrx_word' id='word_1_97' title='bbox 131 1821 192 1886; x_wconf 93' lang='lat' dir='ltr'>hoc</span> <span class='ocrx_word' id='word_1_98' title='bbox 221 1843 314 1886; x_wconf 87' lang='lat' dir='ltr'>versu</span> <span class='ocrx_word' id='word_1_99' title='bbox 342 1831 443 1884; x_wconf 88' lang='lat' dir='ltr'>essent</span> <span class='ocrx_word' id='word_1_100' title='bbox 466 1813 634 1903; x_wconf 90' lang='lat' dir='ltr'>elementa)</span> <span class='ocrx_word' id='word_1_101' title='bbox 661 1841 727 1883; x_wconf 87' lang='lat' dir='ltr'>esse</span> <span class='ocrx_word' id='word_1_102' title='bbox 759 1818 929 1883; x_wconf 88' lang='lat' dir='ltr'>absurdum</span> <span class='ocrx_word' id='word_1_103' title='bbox 968 1833 1074 1905; x_wconf 89' lang='lat' dir='ltr'>patet,</span> <span class='ocrx_word' id='word_1_104' title='bbox 1099 1832 1130 1883; x_wconf 87' lang='lat' dir='ltr'>et</span> <span class='ocrx_word' id='word_1_105' title='bbox 1163 1821 1238 1907; x_wconf 84' lang='lat' dir='ltr'>quia</span> 
     </span>
     <span class='ocr_line' id='line_1_15' title="bbox 133 1904 1237 2012; baseline 0 -22"><span class='ocrx_word' id='word_1_106' title='bbox 133 1927 173 1990; x_wconf 91' lang='lat' dir='ltr'>de</span> <span class='ocrx_word' id='word_1_107' title='bbox 200 1927 236 1990; x_wconf 91' lang='lat' dir='ltr'>iis</span> <span class='ocrx_word' id='word_1_108' title='bbox 272 1948 375 1990; x_wconf 87' lang='lat' dir='ltr'>sermo</span> <span class='ocrx_word' id='word_1_109' title='bbox 405 1936 452 1989; x_wconf 88' lang='lat' dir='ltr'>est</span> <span class='ocrx_word' id='word_1_110' title='bbox 483 1925 664 2009; x_wconf 89' lang='lat' dir='ltr'>principiis,</span> <span class='ocrx_word' id='word_1_111' title='bbox 700 1946 737 1987; x_wconf 82' lang='lat' dir='ltr'>ex</span> <span class='ocrx_word' id='word_1_112' title='bbox 770 1925 885 2010; x_wconf 87' lang='lat' dir='ltr'>quibus</span> <span class='ocrx_word' id='word_1_113' title='bbox 927 1926 1042 1990; x_wconf 90' lang='lat' dir='ltr'>animal</span> <span class='ocrx_word' id='word_1_114' title='bbox 1074 1904 1237 2012; x_wconf 79' lang='lat' dir='ltr'>gignitur,</span> 
     </span>
     <span class='ocr_line' id='line_1_16' title="bbox 131 2032 1240 2118; baseline 0.002 -22"><span class='ocrx_word' id='word_1_115' title='bbox 131 2045 182 2110; x_wconf 85' lang='lat' dir='ltr'>et,</span> <span class='ocrx_word' id='word_1_116' title='bbox 207 2033 301 2117; x_wconf 90' lang='lat' dir='ltr'>quia,</span> <span class='ocrx_word' id='word_1_117' title='bbox 325 2033 349 2094; x_wconf 90' lang='lat' dir='ltr'>si</span> <span class='ocrx_word' id='word_1_118' title='bbox 371 2043 506 2118; x_wconf 89' lang='lat' dir='ltr'>quatuor</span> <span class='ocrx_word' id='word_1_119' title='bbox 533 2033 759 2095; x_wconf 86' lang='lat' dir='ltr'>elementorum</span> <span class='ocrx_word' id='word_1_120' title='bbox 781 2033 948 2096; x_wconf 88' lang='lat' dir='ltr'>auctoritas</span> <span class='ocrx_word' id='word_1_121' title='bbox 968 2032 1165 2108; x_wconf 77' lang='lat' dir='ltr'>vindicetur,</span> <span class='ocrx_word' id='word_1_122' title='bbox 1184 2053 1240 2098; x_wconf 82' lang='lat' dir='ltr'>ne·</span> 
     </span>
     <span class='ocr_line' id='line_1_17' title="bbox 110 2135 1239 2222; baseline 0 -20"><span class='ocrx_word' id='word_1_123' title='bbox 110 2138 265 2202; x_wconf 68' lang='lat' dir='ltr'>cessario</span> <span class='ocrx_word' id='word_1_124' title='bbox 286 2139 411 2199; x_wconf 79' lang='lat' dir='ltr'>creatis</span> <span class='ocrx_word' id='word_1_125' title='bbox 437 2159 499 2200; x_wconf 94' lang='lat' dir='ltr'>non</span> <span class='ocrx_word' id='word_1_126' title='bbox 520 2135 757 2222; x_wconf 77' lang='lat' dir='ltr'>cumflommd</span> <span class='ocrx_word' id='word_1_127' title='bbox 770 2135 971 2222; x_wconf 83' lang='lat' dir='ltr'>jungendum</span> <span class='ocrx_word' id='word_1_128' title='bbox 994 2139 1073 2215; x_wconf 88' lang='lat' dir='ltr'>erit,</span> <span class='ocrx_word' id='word_1_129' title='bbox 1095 2139 1149 2202; x_wconf 86' lang='lat' dir='ltr'>sed</span> <span class='ocrx_word' id='word_1_130' title='bbox 1171 2151 1239 2203; x_wconf 89' lang='lat' dir='ltr'>tan·</span> 
     </span>
     <span class='ocr_line' id='line_1_18' title="bbox 129 2242 1238 2330; baseline 0.001 -23"><span class='ocrx_word' id='word_1_131' title='bbox 129 2265 224 2330; x_wconf 86' lang='lat' dir='ltr'>quam</span> <span class='ocrx_word' id='word_1_132' title='bbox 255 2242 444 2326; x_wconf 83' lang='lat' dir='ltr'>adjectivum</span> <span class='ocrx_word' id='word_1_133' title='bbox 472 2264 546 2307; x_wconf 92' lang='lat' dir='ltr'>cum</span> <span class='ocrx_word' id='word_1_134' title='bbox 566 2251 640 2306; x_wconf 68' lang='lat' dir='ltr'>aere</span> <span class='ocrx_word' id='word_1_135' title='bbox 671 2242 870 2319; x_wconf 85' lang='lat' dir='ltr'>fluminibus,</span> <span class='ocrx_word' id='word_1_136' title='bbox 904 2244 1012 2320; x_wconf 87' lang='lat' dir='ltr'>terris,</span> <span class='ocrx_word' id='word_1_137' title='bbox 1049 2256 1080 2307; x_wconf 92' lang='lat' dir='ltr'>et</span> <span class='ocrx_word' id='word_1_138' title='bbox 1110 2243 1238 2308; x_wconf 80' lang='lat' dir='ltr'>flammd</span> 
     </span>
     <span class='ocr_line' id='line_1_19' title="bbox 111 2347 1239 2436; baseline 0.001 -23"><span class='ocrx_word' id='word_1_139' title='bbox 111 2349 245 2425; x_wconf 59' lang='lat' dir='ltr'>simul,</span> <span class='ocrx_word' id='word_1_140' title='bbox 272 2348 356 2412; x_wconf 90' lang='lat' dir='ltr'>unde</span> <span class='ocrx_word' id='word_1_141' title='bbox 379 2350 511 2413; x_wconf 89' lang='lat' dir='ltr'>otiosum</span> <span class='ocrx_word' id='word_1_142' title='bbox 533 2347 612 2434; x_wconf 65' lang='lat' dir='ltr'>fiee]</span> <span class='ocrx_word' id='word_1_143' title='bbox 643 2348 799 2427; x_wconf 89' lang='lat' dir='ltr'>necdum,</span> <span class='ocrx_word' id='word_1_144' title='bbox 821 2361 892 2434; x_wconf 84' lang='lat' dir='ltr'>apta</span> <span class='ocrx_word' id='word_1_145' title='bbox 914 2349 1035 2414; x_wconf 90' lang='lat' dir='ltr'>ratione</span> <span class='ocrx_word' id='word_1_146' title='bbox 1053 2371 1239 2436; x_wconf 86' lang='lat' dir='ltr'>congressa,</span> 
     </span>
     <span class='ocr_line' id='line_1_20' title="bbox 132 2455 1238 2542; baseline 0 -22"><span class='ocrx_word' id='word_1_147' title='bbox 132 2456 267 2520; x_wconf 87' lang='lat' dir='ltr'>contulit</span> <span class='ocrx_word' id='word_1_148' title='bbox 289 2467 391 2520; x_wconf 89' lang='lat' dir='ltr'>motus</span> <span class='ocrx_word' id='word_1_149' title='bbox 413 2466 472 2521; x_wconf 88' lang='lat' dir='ltr'>etc.</span> <span class='ocrx_word' id='word_1_150' title='bbox 520 2455 606 2519; x_wconf 87' lang='lat' dir='ltr'>llaec</span> <span class='ocrx_word' id='word_1_151' title='bbox 624 2456 733 2519; x_wconf 89' lang='lat' dir='ltr'>ultima</span> <span class='ocrx_word' id='word_1_152' title='bbox 760 2456 799 2520; x_wconf 90' lang='lat' dir='ltr'>ita</span> <span class='ocrx_word' id='word_1_153' title='bbox 831 2477 896 2520; x_wconf 86' lang='lat' dir='ltr'>esse</span> <span class='ocrx_word' id='word_1_154' title='bbox 918 2456 1152 2541; x_wconf 88' lang='lat' dir='ltr'>interpretanda</span> <span class='ocrx_word' id='word_1_155' title='bbox 1179 2478 1238 2542; x_wconf 93' lang='lat' dir='ltr'>pa·</span> 
     </span>
     <span class='ocr_line' id='line_1_21' title="bbox 130 2561 1104 2646; baseline -0.003 -20"><span class='ocrx_word' id='word_1_156' title='bbox 130 2574 175 2627; x_wconf 87' lang='lat' dir='ltr'>tet</span> <span class='ocrx_word' id='word_1_157' title='bbox 196 2562 346 2626; x_wconf 79' lang='lat' dir='ltr'>etiamen</span> <span class='ocrx_word' id='word_1_158' title='bbox 375 2563 517 2646; x_wconf 87' lang='lat' dir='ltr'>perlecto</span> <span class='ocrx_word' id='word_1_159' title='bbox 538 2573 676 2646; x_wconf 89' lang='lat' dir='ltr'>tempore</span> <span class='ocrx_word' id='word_1_160' title='bbox 706 2561 862 2627; x_wconf 80' lang='lat' dir='ltr'>eontulit.</span> <span class='ocrx_word' id='word_1_161' title='bbox 894 2586 896 2592; x_wconf 39' lang='lat' dir='ltr'>s</span> <span class='ocrx_word' id='word_1_162' title='bbox 1102 2569 1104 2573; x_wconf 72' lang='lat'>‘</span> 
     </span>
    </p>
   </div>
   <div class='ocr_carea' id='block_1_3' title="bbox 177 2666 1338 2753">
    <p class='ocr_par' dir='ltr' id='par_1_3' title="bbox 177 2666 1338 2753">
     <span class='ocr_line' id='line_1_22' title="bbox 177 2666 1338 2753; baseline 0.002 -22"><span class='ocrx_word' id='word_1_163' title='bbox 177 2668 278 2745; x_wconf 85' lang='lat' dir='ltr'>Tum,</span> <span class='ocrx_word' id='word_1_164' title='bbox 309 2666 384 2731; x_wconf 89' lang='lat' dir='ltr'>inde</span> <span class='ocrx_word' id='word_1_165' title='bbox 405 2690 422 2732; x_wconf 90' lang='lat' dir='ltr'>a</span> <span class='ocrx_word' id='word_1_166' title='bbox 446 2690 500 2732; x_wconf 85' lang='lat' dir='ltr'>vsu</span> <span class='ocrx_word' id='word_1_167' title='bbox 533 2670 619 2745; x_wconf 82' lang='lat'>944,</span> <span class='ocrx_word' id='word_1_168' title='bbox 645 2668 779 2732; x_wconf 86' lang='lat' dir='ltr'>ostendit</span> <span class='ocrx_word' id='word_1_169' title='bbox 804 2689 860 2753; x_wconf 89' lang='lat' dir='ltr'>per</span> <span class='ocrx_word' id='word_1_170' title='bbox 893 2669 1072 2752; x_wconf 85' lang='lat' dir='ltr'>exemplum</span> <span class='ocrx_word' id='word_1_171' title='bbox 1096 2668 1237 2748; x_wconf 91' lang='lat' dir='ltr'>ictuum,</span> <span class='ocrx_word' id='word_1_172' title='bbox 1334 2683 1338 2706; x_wconf 80' lang='lat'><strong><em>¹</em></strong></span> 
     </span>
    </p>
   </div>
   <div class='ocr_carea' id='block_1_4' title="bbox 132 2774 1240 3073">
    <p class='ocr_par' dir='ltr' id='par_1_4' title="bbox 132 2774 1240 3073">
     <span class='ocr_line' id='line_1_23' title="bbox 132 2774 1240 2859; baseline 0.001 -21"><span class='ocrx_word' id='word_1_173' title='bbox 132 2796 265 2859; x_wconf 86' lang='lat' dir='ltr'>corpora</span> <span class='ocrx_word' id='word_1_174' title='bbox 292 2774 544 2852; x_wconf 78' lang='lat' dir='ltr'>dissenentium,</span> <span class='ocrx_word' id='word_1_175' title='bbox 566 2796 672 2838; x_wconf 91' lang='lat' dir='ltr'>omnes</span> <span class='ocrx_word' id='word_1_176' title='bbox 691 2797 798 2839; x_wconf 87' lang='lat' dir='ltr'>sensus</span> <span class='ocrx_word' id='word_1_177' title='bbox 819 2775 923 2859; x_wconf 90' lang='lat' dir='ltr'>perire</span> <span class='ocrx_word' id='word_1_178' title='bbox 958 2776 1083 2838; x_wconf 87' lang='lat' dir='ltr'>mutatis</span> <span class='ocrx_word' id='word_1_179' title='bbox 1120 2775 1240 2858; x_wconf 88' lang='lat' dir='ltr'>prinoi-</span> 
     </span>
     <span class='ocr_line' id='line_1_24' title="bbox 133 2879 1238 2967; baseline 0.001 -24"><span class='ocrx_word' id='word_1_180' title='bbox 133 2881 193 2964; x_wconf 90' lang='lat' dir='ltr'>piis</span> <span class='ocrx_word' id='word_1_181' title='bbox 232 2892 262 2945; x_wconf 88' lang='lat' dir='ltr'>et</span> <span class='ocrx_word' id='word_1_182' title='bbox 293 2881 383 2957; x_wconf 91' lang='lat' dir='ltr'>loco,</span> <span class='ocrx_word' id='word_1_183' title='bbox 414 2880 625 2967; x_wconf 83' lang='lat' dir='ltr'>positurisque</span> <span class='ocrx_word' id='word_1_184' title='bbox 660 2881 770 2957; x_wconf 91' lang='lat' dir='ltr'>motis,</span> <span class='ocrx_word' id='word_1_185' title='bbox 802 2891 853 2957; x_wconf 88' lang='lat' dir='ltr'>et,</span> <span class='ocrx_word' id='word_1_186' title='bbox 894 2890 1059 2965; x_wconf 86' lang='lat' dir='ltr'>postquam</span> <span class='ocrx_word' id='word_1_187' title='bbox 1089 2881 1132 2943; x_wconf 90' lang='lat' dir='ltr'>ita</span> <span class='ocrx_word' id='word_1_188' title='bbox 1160 2879 1238 2944; x_wconf 80' lang='lat' dir='ltr'>dixit</span> 
     </span>
     <span class='ocr_line' id='line_1_25' title="bbox 134 2986 1239 3073; baseline 0.001 -23"><span class='ocrx_word' id='word_1_189' title='bbox 134 2986 174 3050; x_wconf 91' lang='lat' dir='ltr'>do</span> <span class='ocrx_word' id='word_1_190' title='bbox 199 2987 313 3052; x_wconf 89' lang='lat' dir='ltr'>ictibus</span> <span class='ocrx_word' id='word_1_191' title='bbox 337 2987 528 3064; x_wconf 80' lang='lat' dir='ltr'>mortiferis,</span> <span class='ocrx_word' id='word_1_192' title='bbox 548 2986 621 3051; x_wconf 91' lang='lat' dir='ltr'>inde</span> <span class='ocrx_word' id='word_1_193' title='bbox 643 3009 660 3050; x_wconf 90' lang='lat' dir='ltr'>a</span> <span class='ocrx_word' id='word_1_194' title='bbox 686 2990 751 3053; x_wconf 85' lang='lat'>954</span> <span class='ocrx_word' id='word_1_195' title='bbox 774 3008 836 3050; x_wconf 90' lang='lat' dir='ltr'>non</span> <span class='ocrx_word' id='word_1_196' title='bbox 870 2998 974 3050; x_wconf 86' lang='lat' dir='ltr'>tamen</span> <span class='ocrx_word' id='word_1_197' title='bbox 1007 3007 1166 3073; x_wconf 89' lang='lat' dir='ltr'>quemque</span> <span class='ocrx_word' id='word_1_198' title='bbox 1188 2987 1239 3051; x_wconf 90' lang='lat' dir='ltr'>ic-</span> 
     </span>
    </p>
   </div>
   <div class='ocr_carea' id='block_1_5' title="bbox 133 3091 1348 3178">
    <p class='ocr_par' dir='ltr' id='par_1_5' title="bbox 133 3091 1348 3178">
     <span class='ocr_line' id='line_1_26' title="bbox 133 3091 1348 3178; baseline 0.006 -23"><span class='ocrx_word' id='word_1_199' title='bbox 133 3104 218 3169; x_wconf 92' lang='lat' dir='ltr'>tum,</span> <span class='ocrx_word' id='word_1_200' title='bbox 243 3093 298 3178; x_wconf 93' lang='lat' dir='ltr'>qui</span> <span class='ocrx_word' id='word_1_201' title='bbox 321 3091 466 3176; x_wconf 89' lang='lat' dir='ltr'>disjicere</span> <span class='ocrx_word' id='word_1_202' title='bbox 498 3114 629 3178; x_wconf 87' lang='lat' dir='ltr'>corpora</span> <span class='ocrx_word' id='word_1_203' title='bbox 659 3095 815 3169; x_wconf 87' lang='lat' dir='ltr'>minetur,</span> <span class='ocrx_word' id='word_1_204' title='bbox 846 3104 979 3156; x_wconf 88' lang='lat' dir='ltr'>mortem</span> <span class='ocrx_word' id='word_1_205' title='bbox 1008 3103 1038 3156; x_wconf 90' lang='lat' dir='ltr'>et</span> <span class='ocrx_word' id='word_1_206' title='bbox 1070 3091 1240 3176; x_wconf 89' lang='lat' dir='ltr'>dispersio·</span> <span class='ocrx_word' id='word_1_207' title='bbox 1343 3153 1348 3162; x_wconf 84' lang='lat'><em>.</em></span> 
     </span>
    </p>
   </div>
   <div class='ocr_carea' id='block_1_6' title="bbox 127 3197 1270 4555">
    <p class='ocr_par' dir='ltr' id='par_1_6' title="bbox 127 3197 1270 3791">
     <span class='ocr_line' id='line_1_27' title="bbox 135 3197 1270 3285; baseline 0.003 -24"><span class='ocrx_word' id='word_1_208' title='bbox 135 3220 208 3262; x_wconf 89' lang='lat' dir='ltr'>nem</span> <span class='ocrx_word' id='word_1_209' title='bbox 246 3198 597 3278; x_wconf 59' lang='lat' dir='ltr'>afferre*demonstrat;</span> <span class='ocrx_word' id='word_1_210' title='bbox 631 3200 745 3285; x_wconf 90' lang='lat' dir='ltr'>quibus</span> <span class='ocrx_word' id='word_1_211' title='bbox 773 3199 864 3263; x_wconf 90' lang='lat' dir='ltr'>dictis</span> <span class='ocrx_word' id='word_1_212' title='bbox 894 3197 975 3262; x_wconf 86' lang='lat' dir='ltr'>redit</span> <span class='ocrx_word' id='word_1_213' title='bbox 1009 3197 1048 3262; x_wconf 91' lang='lat' dir='ltr'>ad</span> <span class='ocrx_word' id='word_1_214' title='bbox 1080 3199 1240 3283; x_wconf 90' lang='lat' dir='ltr'>probatio·</span> <span class='ocrx_word' id='word_1_215' title='bbox 1268 3227 1270 3230; x_wconf 93' lang='lat'>·</span> 
     </span>
     <span class='ocr_line' id='line_1_28' title="bbox 134 3304 1125 3391; baseline 0.005 -25"><span class='ocrx_word' id='word_1_216' title='bbox 134 3324 227 3366; x_wconf 90' lang='lat' dir='ltr'>nem:</span> <span class='ocrx_word' id='word_1_217' title='bbox 252 3305 346 3369; x_wconf 91' lang='lat' dir='ltr'>nullis</span> <span class='ocrx_word' id='word_1_218' title='bbox 371 3304 510 3390; x_wconf 88' lang='lat' dir='ltr'>gaudere</span> <span class='ocrx_word' id='word_1_219' title='bbox 538 3307 680 3370; x_wconf 86' lang='lat' dir='ltr'>sensibus</span> <span class='ocrx_word' id='word_1_220' title='bbox 706 3306 883 3391; x_wconf 80' lang='lat' dir='ltr'>principia,</span> <span class='ocrx_word' id='word_1_221' title='bbox 905 3306 979 3371; x_wconf 86' lang='lat' dir='ltr'>inde</span> <span class='ocrx_word' id='word_1_222' title='bbox 1003 3327 1021 3371; x_wconf 82' lang='lat' dir='ltr'>o</span> <span class='ocrx_word' id='word_1_223' title='bbox 1047 3310 1125 3372; x_wconf 88' lang='grc'><strong>963.</strong></span> 
     </span>
     <span class='ocr_line' id='line_1_29' title="bbox 131 3409 1242 3496; baseline 0 -22"><span class='ocrx_word' id='word_1_224' title='bbox 131 3467 134 3474; x_wconf 88' lang='grc'>,</span> <span class='ocrx_word' id='word_1_225' title='bbox 177 3409 326 3474; x_wconf 83' lang='lat' dir='ltr'>Exhisce</span> <span class='ocrx_word' id='word_1_226' title='bbox 350 3422 436 3496; x_wconf 90' lang='lat' dir='ltr'>patet</span> <span class='ocrx_word' id='word_1_227' title='bbox 469 3434 572 3475; x_wconf 83' lang='lat' dir='ltr'>versus</span> <span class='ocrx_word' id='word_1_228' title='bbox 604 3412 760 3478; x_wconf 81' lang='lat'>931-62</span> <span class='ocrx_word' id='word_1_229' title='bbox 791 3434 891 3476; x_wconf 91' lang='lat' dir='ltr'>unum</span> <span class='ocrx_word' id='word_1_230' title='bbox 926 3422 1026 3476; x_wconf 89' lang='lat' dir='ltr'>totum</span> <span class='ocrx_word' id='word_1_231' title='bbox 1057 3412 1181 3478; x_wconf 87' lang='lat' dir='ltr'>efficere</span> <span class='ocrx_word' id='word_1_232' title='bbox 1210 3423 1242 3475; x_wconf 87' lang='lat' dir='ltr'>et</span> 
     </span>
     <span class='ocr_line' id='line_1_30' title="bbox 131 3515 1239 3602; baseline 0 -24"><span class='ocrx_word' id='word_1_233' title='bbox 131 3515 327 3580; x_wconf 88' lang='lat' dir='ltr'>solummodo</span> <span class='ocrx_word' id='word_1_234' title='bbox 351 3537 406 3599; x_wconf 90' lang='lat' dir='ltr'>per</span> <span class='ocrx_word' id='word_1_235' title='bbox 432 3519 590 3582; x_wconf 78' lang='lat'><strong>931-33</strong></span> <span class='ocrx_word' id='word_1_236' title='bbox 612 3539 684 3581; x_wconf 88' lang='lat' dir='ltr'>cum</span> <span class='ocrx_word' id='word_1_237' title='bbox 720 3517 948 3602; x_wconf 91' lang='lat' dir='ltr'>disputatione:</span> <span class='ocrx_word' id='word_1_238' title='bbox 983 3515 1087 3582; x_wconf 89' lang='lat' dir='ltr'>omnia</span> <span class='ocrx_word' id='word_1_239' title='bbox 1120 3540 1156 3581; x_wconf 87' lang='lat' dir='ltr'>ex</span> <span class='ocrx_word' id='word_1_240' title='bbox 1190 3518 1239 3578; x_wconf 90' lang='lat' dir='ltr'>in-</span> 
     </span>
     <span class='ocr_line' id='line_1_31' title="bbox 127 3620 1238 3710; baseline 0.001 -27"><span class='ocrx_word' id='word_1_241' title='bbox 127 3620 329 3684; x_wconf 86' lang='lat' dir='ltr'>sensibilibus</span> <span class='ocrx_word' id='word_1_242' title='bbox 357 3621 520 3706; x_wconf 90' lang='lat' dir='ltr'>principiis</span> <span class='ocrx_word' id='word_1_243' title='bbox 553 3635 713 3701; x_wconf 88' lang='lat' dir='ltr'>constare,</span> <span class='ocrx_word' id='word_1_244' title='bbox 737 3624 813 3687; x_wconf 91' lang='lat' dir='ltr'>inde</span> <span class='ocrx_word' id='word_1_245' title='bbox 834 3647 852 3688; x_wconf 86' lang='lat' dir='ltr'>a</span> <span class='ocrx_word' id='word_1_246' title='bbox 874 3627 941 3689; x_wconf 80' lang='lat'>865</span> <span class='ocrx_word' id='word_1_247' title='bbox 963 3622 1125 3710; x_wconf 86' lang='lat' dir='ltr'>usquo-ad</span> <span class='ocrx_word' id='word_1_248' title='bbox 1154 3622 1238 3685; x_wconf 86' lang='lat'>1022</span> 
     </span>
     <span class='ocr_line' id='line_1_32' title="bbox 132 3724 312 3791; baseline 0.006 -1"><span class='ocrx_word' id='word_1_249' title='bbox 132 3724 312 3791; x_wconf 84' lang='lat' dir='ltr'>cohaerere.</span> 
     </span>
    </p>

    <p class='ocr_par' dir='ltr' id='par_1_7' title="bbox 130 3831 1241 4555">
     <span class='ocr_line' id='line_1_33' title="bbox 178 3831 1240 3918; baseline -0.001 -24"><span class='ocrx_word' id='word_1_250' title='bbox 178 3831 408 3915; x_wconf 79' lang='lat' dir='ltr'>lnterprctibus,</span> <span class='ocrx_word' id='word_1_251' title='bbox 426 3835 525 3918; x_wconf 90' lang='lat' dir='ltr'>prima</span> <span class='ocrx_word' id='word_1_252' title='bbox 558 3855 650 3898; x_wconf 87' lang='lat' dir='ltr'>causa</span> <span class='ocrx_word' id='word_1_253' title='bbox 681 3836 834 3898; x_wconf 90' lang='lat' dir='ltr'>malorum</span> <span class='ocrx_word' id='word_1_254' title='bbox 859 3835 918 3898; x_wconf 87' lang='lat' dir='ltr'>luit</span> <span class='ocrx_word' id='word_1_255' title='bbox 943 3854 1034 3897; x_wconf 80' lang='lat' dir='ltr'>seren</span> <span class='ocrx_word' id='word_1_256' title='bbox 1057 3834 1120 3896; x_wconf 82' lang='lat'>937</span> <span class='ocrx_word' id='word_1_257' title='bbox 1137 3832 1240 3916; x_wconf 79' lang='lat' dir='ltr'>prin-</span> 
     </span>
     <span class='ocr_line' id='line_1_34' title="bbox 130 3937 1238 4026; baseline 0.002 -27"><span class='ocrx_word' id='word_1_258' title='bbox 130 3941 236 4023; x_wconf 81' lang='lat' dir='ltr'>cipie,</span> <span class='ocrx_word' id='word_1_259' title='bbox 263 3937 349 4024; x_wconf 93' lang='lat' dir='ltr'>quod</span> <span class='ocrx_word' id='word_1_260' title='bbox 372 3960 444 4003; x_wconf 90' lang='lat' dir='ltr'>cum</span> <span class='ocrx_word' id='word_1_261' title='bbox 466 3940 663 4026; x_wconf 87' lang='lat' dir='ltr'>conjungere</span> <span class='ocrx_word' id='word_1_262' title='bbox 687 3942 804 4005; x_wconf 84' lang='lat' dir='ltr'>vellent</span> <span class='ocrx_word' id='word_1_263' title='bbox 828 3963 900 4005; x_wconf 90' lang='lat' dir='ltr'>cnm</span> <span class='ocrx_word' id='word_1_264' title='bbox 912 3940 1095 4003; x_wconf 80' lang='lat' dir='ltr'>conciliatu</span> <span class='ocrx_word' id='word_1_265' title='bbox 1116 3961 1143 4001; x_wconf 85' lang='grc' dir='ltr'>ι.</span> <span class='ocrx_word' id='word_1_266' title='bbox 1155 3938 1238 4017; x_wconf 85' lang='grc'><strong>936,</strong></span> 
     </span>
     <span class='ocr_line' id='line_1_35' title="bbox 131 4032 1239 4130; baseline 0.004 -24"><span class='ocrx_word' id='word_1_267' title='bbox 131 4065 149 4106; x_wconf 88' lang='lat' dir='ltr'>a</span> <span class='ocrx_word' id='word_1_268' title='bbox 174 4063 247 4105; x_wconf 81' lang='lat' dir='ltr'>vero</span> <span class='ocrx_word' id='word_1_269' title='bbox 275 4043 352 4126; x_wconf 83' lang='lat' dir='ltr'>lapsi</span> <span class='ocrx_word' id='word_1_270' title='bbox 378 4032 474 4123; x_wconf 82' lang='lat' dir='ltr'>suut,</span> <span class='ocrx_word' id='word_1_271' title='bbox 500 4066 563 4109; x_wconf 91' lang='lat' dir='ltr'>non</span> <span class='ocrx_word' id='word_1_272' title='bbox 589 4045 728 4110; x_wconf 85' lang='lat' dir='ltr'>ridentes</span> <span class='ocrx_word' id='word_1_273' title='bbox 752 4046 959 4122; x_wconf 77' lang='lat' dir='ltr'>conciliato,</span> <span class='ocrx_word' id='word_1_274' title='bbox 979 4044 1064 4109; x_wconf 90' lang='lat' dir='ltr'>nude</span> <span class='ocrx_word' id='word_1_275' title='bbox 1087 4045 1239 4130; x_wconf 91' lang='lat' dir='ltr'>positum,</span> 
     </span>
     <span class='ocr_line' id='line_1_36' title="bbox 130 4145 1241 4238; baseline -0.003 -24"><span class='ocrx_word' id='word_1_276' title='bbox 130 4170 233 4234; x_wconf 80' lang='lat' dir='ltr'>aequo</span> <span class='ocrx_word' id='word_1_277' title='bbox 258 4161 506 4238; x_wconf 89' lang='lat' dir='ltr'>constareatque</span> <span class='ocrx_word' id='word_1_278' title='bbox 525 4152 669 4215; x_wconf 79' lang='lat' dir='ltr'>coneilio</span> <span class='ocrx_word' id='word_1_279' title='bbox 690 4164 800 4216; x_wconf 84' lang='lat' dir='ltr'>coacto</span> <span class='ocrx_word' id='word_1_280' title='bbox 820 4145 866 4222; x_wconf 79' lang='lat' dir='ltr'>vs.¹</span> <span class='ocrx_word' id='word_1_281' title='bbox 890 4156 975 4229; x_wconf 87' lang='grc'><strong>935,</strong></span> <span class='ocrx_word' id='word_1_282' title='bbox 997 4172 1119 4238; x_wconf 89' lang='lat' dir='ltr'>neque,</span> <span class='ocrx_word' id='word_1_283' title='bbox 1141 4169 1241 4235; x_wconf 91' lang='lat' dir='ltr'>quum</span> 
     </span>
     <span class='ocr_line' id='line_1_37' title="bbox 132 4255 1241 4344; baseline 0.001 -25"><span class='ocrx_word' id='word_1_284' title='bbox 132 4255 322 4340; x_wconf 84' lang='lat' dir='ltr'>generaliter</span> <span class='ocrx_word' id='word_1_285' title='bbox 351 4257 499 4343; x_wconf 87' lang='lat' dir='ltr'>loquatur</span> <span class='ocrx_word' id='word_1_286' title='bbox 529 4267 641 4343; x_wconf 74' lang='lat' dir='ltr'>pottta,</span> <span class='ocrx_word' id='word_1_287' title='bbox 667 4280 744 4344; x_wconf 91' lang='lat' dir='ltr'>opus</span> <span class='ocrx_word' id='word_1_288' title='bbox 766 4280 832 4324; x_wconf 86' lang='lat' dir='ltr'>esso</span> <span class='ocrx_word' id='word_1_289' title='bbox 852 4271 886 4323; x_wconf 87' lang='lat' dir='ltr'>ut</span> <span class='ocrx_word' id='word_1_290' title='bbox 915 4258 1069 4343; x_wconf 87' lang='lat' dir='ltr'>principia</span> <span class='ocrx_word' id='word_1_291' title='bbox 1097 4277 1241 4342; x_wconf 83' lang='lat' dir='ltr'>expresse</span> 
     </span>
     <span class='ocr_line' id='line_1_38' title="bbox 132 4359 780 4440; baseline 0.014 -16"><span class='ocrx_word' id='word_1_292' title='bbox 132 4359 308 4440; x_wconf 86' lang='lat' dir='ltr'>addantur,</span> <span class='ocrx_word' id='word_1_293' title='bbox 341 4364 436 4428; x_wconf 89' lang='lat' dir='ltr'>tacite</span> <span class='ocrx_word' id='word_1_294' title='bbox 461 4365 585 4430; x_wconf 88' lang='lat' dir='ltr'>scilicet</span> <span class='ocrx_word' id='word_1_295' title='bbox 608 4366 780 4434; x_wconf 84' lang='lat' dir='ltr'>intellecta.</span> 
     </span>
     <span class='ocr_line' id='line_1_39' title="bbox 132 4468 1238 4555; baseline -0.007 -15"><span class='ocrx_word' id='word_1_296' title='bbox 132 4533 135 4540; x_wconf 92' lang='grc'><em>,</em></span> <span class='ocrx_word' id='word_1_297' title='bbox 179 4469 211 4544; x_wconf 83' lang='lat'>2.</span> <span class='ocrx_word' id='word_1_298' title='bbox 226 4469 367 4536; x_wconf 75' lang='lat'><strong>954-62.</strong></span> <span class='ocrx_word' id='word_1_299' title='bbox 417 4471 454 4535; x_wconf 93' lang='lat' dir='ltr'>ln</span> <span class='ocrx_word' id='word_1_300' title='bbox 485 4469 548 4536; x_wconf 94' lang='lat' dir='ltr'>hoc</span> <span class='ocrx_word' id='word_1_301' title='bbox 577 4473 668 4552; x_wconf 91' lang='lat' dir='ltr'>loco,</span> <span class='ocrx_word' id='word_1_302' title='bbox 703 4473 758 4538; x_wconf 92' lang='lat' dir='ltr'>ubi</span> <span class='ocrx_word' id='word_1_303' title='bbox 796 4471 957 4538; x_wconf 84' lang='lat' dir='ltr'>Lucretius</span> <span class='ocrx_word' id='word_1_304' title='bbox 985 4470 1122 4555; x_wconf 81' lang='lat' dir='ltr'>explicat</span> <span class='ocrx_word' id='word_1_305' title='bbox 1155 4468 1238 4545; x_wconf 85' lang='lat' dir='ltr'>rim,</span> 
     </span>
    </p>
   </div>
   <div class='ocr_carea' id='block_1_7' title="bbox 0 0 1447 5048">
    <p class='ocr_par' dir='ltr' id='par_1_8' title="bbox 0 0 1447 5048">
     <span class='ocr_line' id='line_1_40' title="bbox 0 0 1447 5048; baseline 0 0"><span class='ocrx_word' id='word_1_306' title='bbox 0 0 1447 5048; x_wconf 95' lang='lat' dir='ltr'> </span> 
     </span>
    </p>
   </div>
  </div>
 </body>
</html>
