2874 5048
653 369 699 434 73

122 567 221 632 cimus
252 560 369 652 (iilum)
405 573 496 628 antea
526 563 643 639 fuisse,
670 565 788 648 possint
817 568 991 641 conciliari.
1022 574 1136 640 Sensus
1160 575 1231 642 bio:

122 672 270 759 quoniam
307 691 390 734 mors
419 669 525 732 eximit
554 668 603 744 id,
636 680 667 732 et
687 669 833 753 probibet
861 676 1029 760 quominus
1068 679 1143 758 ille,
1181 683 1234 746 eui

121 777 200 842 baeo
219 775 325 841 eadem
357 774 555 840 incommoda
586 775 704 859 possint
729 779 911 857 conciliari,
943 803 978 845 ex
1007 785 1121 869 quibus
1148 809 1233 852 nunc

120 906 177 950 nos
196 884 277 950 scire
302 883 468 968 opinamur
500 882 591 946 illum
618 893 709 949 antea
734 884 847 963 fuisse,
873 908 979 956 revera
1003 890 1109 958 fuerit.

166 993 229 1055 Aut
256 988 334 1054 haee
358 999 534 1053 structura:
561 987 709 1072 quoniam
750 1012 831 1056 mors
863 992 895 1056 id
930 994 1036 1059 eximit
1063 1009 1093 1062 et
1123 997 1236 1083 prohi-

71 1145 73 1149 ,
124 1097 320 1174 batillum,
354 1096 406 1160 eui
435 1094 634 1158 incommoda
661 1097 780 1179 possint
820 1100 1003 1178 conciliari,
1040 1125 1105 1168 esse
1126 1105 1235 1169 eadem

124 1201 202 1267 baeo
230 1203 279 1289 (rx
306 1201 416 1266 iisdem
440 1201 601 1264 elementis
623 1201 843 1289 compositum)
866 1228 884 1270 e
907 1206 1021 1293 quibus
1051 1232 1138 1276 nuno
1169 1211 1236 1296 opi·

123 1331 235 1374 namur
270 1327 342 1372 eum
363 1317 454 1370 antea
483 1307 589 1373 fnisse.
957 1373 961 1380 ι

169 1414 293 1482 Etenim
324 1412 580 1498 ambiguitatem,
602 1409 708 1476 ntrnin
739 1413 817 1476 bare
836 1415 947 1480 eodem
968 1416 1006 1481 ad
1028 1420 1237 1484 incommodo

126 1519 325 1585 referendum
354 1520 392 1584 sit
422 1540 541 1596 necne,
564 1516 623 1582 hac
641 1518 860 1584 emendatione
891 1544 953 1586 non
977 1525 1234 1602 radicantium,

124 1626 177 1691 sed
203 1627 282 1690 ratio
314 1627 449 1710 priorem
481 1635 670 1689 structuram
701 1627 790 1713 sequi
814 1625 933 1693 suadet.
1067 1605 1072 1618 ¹

170 1733 294 1810 3,884.
341 1733 410 1796 Non
426 1731 571 1796 dubitare
602 1730 758 1796 debuisset
791 1732 942 1818 Forbiger
968 1734 1007 1798 de
1035 1748 1234 1820 perterreat,-

125 1841 166 1904 οἱ.
191 1861 272 1926 qnae
294 1838 400 1906 adnot.
425 1837 464 1902 ad
492 1841 605 1914 2,872.

170 1949 289 2023 3,896.
337 1945 412 2009 Mira
441 1956 487 2008 est
521 1945 738 2028 interpretatio
769 1945 932 2023 Lambini,
965 1968 1059 2032 quem
1094 1949 1235 2034 quamvis

128 2063 328 2128 contemnat,
361 2051 505 2137 sequitur
530 2061 635 2114 tamen
668 2049 700 2138 (ο
726 2049 867 2134 lepidum
901 2049 1030 2138 capnti)
1061 2053 1234 2118 Wakefiel-

126 2158 215 2223 dius:
240 2180 257 2221 u
271 2169 301 2222 et
323 2177 436 2240 eorpus
463 2178 621 2242 exsangue
654 2167 684 2218 et
708 2155 881 2220 inanimum
902 2170 933 2222 et
962 2181 1069 2223 sensns
1104 2181 1233 2243 expers,

126 2287 217 2329 sensu
251 2264 461 2338 contaminat,
493 2284 526 2325 se
558 2261 731 2325 adstantem
769 2262 930 2340 faciens,'’
967 2274 998 2327 et
1031 2286 1113 2350 quaa
1146 2287 1233 2351 seqq.
1330 2297 1332 2300 ·

126 2369 186 2434 Sed
210 2381 296 2454 patet
318 2368 357 2432 ad
382 2370 592 2431 contaminat
611 2389 673 2432 non
700 2387 765 2432 esse
789 2367 987 2434 referendum
1006 2391 1143 2455 eorpus,
1159 2370 1233 2447 sed,

126 2475 212 2564 qued
236 2475 377 2561 proximo
397 2474 575 2552 antecedit,
601 2497 644 2540 ae.
692 2475 810 2559 Nempe
837 2475 929 2559 fingit
961 2497 993 2539 se
1024 2497 1090 2540 esse
1120 2499 1234 2562 eorpus

124 2582 205 2647 iilud
224 2583 334 2665 jacens
359 2594 390 2647 et
413 2581 535 2646 adstans
560 2582 751 2646 contaminat
774 2603 806 2643 se
828 2602 922 2644 sensu
954 2603 1010 2646 suo
1042 2584 1064 2647 i.
1099 2604 1127 2650 e.
1161 2585 1236 2668 opi·

126 2688 221 2752 aione
243 2710 319 2763 sna,
351 2709 445 2774 qnam
475 2688 534 2751 sibi
563 2687 665 2772 fingit.
721 2687 862 2774 Quisque
896 2689 979 2750 enim
1010 2685 1143 2772 μίασμα
1175 2689 1234 2752 sibi

126 2792 282 2859 contrabit
330 2815 366 2857 ex
403 2794 603 2878 opinionibus
660 2804 822 2868 veterum,
859 2792 915 2878 qui
948 2793 1050 2876 tangit
1082 2794 1234 2874 cadaver3

127 2899 213 2987 quod
234 2900 288 2963 illo
311 2899 404 2974 feeit,
430 2898 504 2962 lieet
528 2899 694 2982 opinione,
720 2919 784 2962 non
820 2919 852 2960 re
884 2897 972 2981 ipsa,
1007 2899 1063 2984 qui
1093 2921 1126 2962 se
1159 2920 1235 2963 eon·

125 3005 231 3070 fundit
253 3027 327 3069 oum
350 3027 407 3070 sno
430 3017 554 3069 mortuo
579 3022 723 3089 corpore.
772 2999 894 3068 Sensus
917 3001 969 3068 bie
993 3015 1039 3067 est
1061 3005 1114 3070 illa
1139 3028 1237 3089 prava

127 3111 286 3198 persuasio
312 3134 346 3175 se
379 3133 478 3175 unum
513 3111 714 3197 eundemque
738 3131 803 3174 esse
827 3131 900 3194 qum
927 3129 1058 3194 corpore
1081 3111 1235 3194 projecto.

127 3217 189 3282 Sed
213 3219 285 3282 satis
305 3219 371 3302 jam
395 3217 434 3281 de
458 3219 528 3282 loco
553 3219 657 3302 plano.

174 3325 205 3404 3,
217 3324 295 3391 900.
342 3325 427 3388 Libri
449 3325 652 3408 manuscripti
671 3322 813 3387 Lambini
835 3322 983 3388 ridentur
1006 3319 1149 3387 babuisse
1181 3345 1238 3384 aare

129 3430 297 3507 lacerari,
321 3430 375 3494 sed
407 3452 441 3494 ae
464 3431 581 3517 requiri
607 3441 690 3515 patet
724 3451 760 3494 ex
794 3429 1004 3513 paralielismo
1038 3450 1111 3494 oum
1146 3451 1237 3494 versu

129 3537 291 3621 superiore
314 3537 532 3624 relegasset
556 3557 760 3601 numerorum
786 3536 1040 3602 construetione:

221 3748 292 3835 Qui
308 3749 417 3832 poerit
436 3749 532 3811 aiom
552 3745 619 3810 etti
645 3747 666 3810 I
682 3769 716 3809 se
738 3746 853 3833 lugere
867 3753 1058 3830 peremtum

221 3849 401 3939 Stansque,
411 3854 584 3939 jacentem
604 3853 628 3916 l
644 3875 677 3916 se
698 3853 848 3916 lacerari
866 3853 981 3929 roro'oo,
1002 3850 1125 3917 dolore.

176 4068 208 4138 3,
221 4066 300 4129 906.
346 4063 416 4154 Non
439 4063 527 4127 rideo
548 4062 694 4128 idoneam
714 4083 859 4138 oausam,
890 4083 948 4126 our
978 4062 1132 4146 scriptura
1161 4064 1238 4127 utri-

130 4191 231 4255 usque
265 4167 407 4234 Vossiani
438 4167 502 4255 (eui
527 4179 556 4233 et
579 4169 702 4234 aceedit
725 4168 814 4235 Bodi.
840 4167 1015 4234 exhibens:·
1046 4163 1237 4251 obreptum)

130 4274 289 4338 abrorum
321 4273 542 4358 posthabeatur
575 4276 737 4368 vulgataex
754 4277 937 4350 obtritum,
970 4271 1119 4359 quodne
1154 4283 1239 4338 recte

129 4379 258 4466 quidem
281 4380 396 4446 dicitur
420 4380 459 4446 da
483 4402 635 4466 corpore,
670 4381 754 4469 quod
780 4381 917 4466 pondero
941 4390 1042 4444 terrae
1074 4380 1095 4444 i.
1121 4400 1149 4445 e.
1174 4399 1240 4444 mre

133 4507 197 4572 gno
228 4488 349 4552 tumulo
373 4485 449 4574 (non
478 4488 610 4566 leviter,
637 4488 753 4572 injecto
783 4500 830 4553 ter
858 4481 999 4570 pulvere)
1035 4495 1152 4550 tectum
1184 4497 1238 4552 est.
