2874 5048
631 371 678 438 75

120 561 230 630 doctus
259 563 345 630 Weil
374 563 409 628 in
438 561 549 627 llieriis
578 562 685 649 Antiq.
724 565 828 641 1847,
872 578 946 633 sect.
984 571 1003 630 4
1035 579 1066 632 et
1098 569 1230 638 recurrit
1277 641 1279 644 ,

123 673 262 750 5,135.
437 675 443 689 “

167 778 208 852 8,
231 778 308 841 800.
355 772 532 839 Delendum
562 784 608 838 est
640 775 700 852 in,
736 784 840 838 ortum
877 796 912 839 er
949 797 983 838 m
1017 773 1228 858 intecedenti;

119 901 183 944 non
212 880 295 945 enim
318 882 358 942 in
381 889 451 943 toto
473 872 612 962 corpore
631 878 776 944 distracta
808 892 852 944 cat
881 881 983 945 anime
1001 881 1024 948 i.
1047 903 1075 948 o.
1097 883 1130 946 in
1152 903 1231 968 que·

100 987 165 1049 'ris
179 997 273 1071 parte
300 985 439 1070 corporis
464 984 648 1060 dilacerata,
681 985 735 1049 sed
768 1005 906 1068 corpore
930 996 999 1049 toto
1020 985 1163 1052 distracta
1186 999 1232 1051 est

120 1091 142 1157 i.
166 1112 193 1157 c.
223 1113 281 1178 per
296 1081 409 1155 'totum
431 1111 553 1176 corpus.
594 1091 691 1157 Causa
713 1090 816 1169 enim,
847 1113 905 1157 cur
928 1091 1072 1158 distracta
1102 1093 1161 1170 sit,
1187 1103 1232 1156 est

118 1193 210 1260 baec:
227 1193 373 1281 quioniam
391 1218 448 1280 per
468 1218 560 1261 omne
575 1218 688 1282 corpus
705 1195 815 1260 diffusa
830 1207 887 1262 est.
917 1198 1006 1262 Hanc
1025 1197 1087 1261 rim
1106 1197 1231 1261 ablativi

117 1301 249 1366 locativo
273 1301 431 1388 fungentis
461 1301 580 1366 librarii
609 1323 672 1366 non
704 1312 886 1377 senserunt,
917 1313 947 1366 et
965 1304 1005 1364 in
1020 1301 1229 1385 adjiciendum

119 1405 328 1472 crediderunt.
353 1407 406 1472 Sic
418 1407 510 1470 etiam
526 1429 617 1492 supra
631 1430 675 1474 vs.
687 1409 752 1471 352
769 1406 974 1492 »permixtam
988 1428 1119 1492 corpore
1130 1410 1230 1473 toto.”

93 1561 97 1566 -
155 1515 206 1588 ·3.
228 1515 306 1579 806.
353 1512 445 1576 Certo
471 1513 585 1576 certius
610 1522 655 1576 est
675 1510 799 1577 huncce
818 1497 940 1577 versum
960 1536 1023 1578 esse
1043 1512 1228 1591 delendum3

119 1622 153 1686 in
180 1619 331 1687 Vossiano
359 1619 538 1704 reteriwnon
565 1630 712 1705 apparet,
744 1619 779 1682 in
807 1619 904 1683 altero
926 1619 1074 1686 Vossiano
1103 1619 1228 1683 rubrica

117 1736 240 1791 notatus
260 1735 316 1791 est.
363 1723 528 1805 Quomodo
554 1723 641 1810 quid
662 1726 754 1788 mim
777 1722 953 1787 diversius
974 1759 1018 1772 -
1039 1727 1157 1812 magis
1175 1727 1229 1789 iu-

117 1842 171 1894 ter
193 1852 228 1892 ss
249 1828 464 1916 disjunctum
487 1828 783 1916 discrepitouequo
805 1829 868 1894 dici
893 1851 980 1914 posse
1008 1831 1078 1914 quis
1108 1841 1229 1916 putaret

115 1957 189 2022 pro:
215 1934 301 2022 quid
321 1933 508 1999 absurdius
531 1937 606 1999 est?
653 1937 741 2000 Patet
763 1945 887 2022 poe'tum
909 1934 985 1998 boec
1007 1933 1129 2000 dicere:
1152 1934 1226 2020 quid

114 2041 214 2127 magis
238 2038 411 2117 diversum,
444 2039 654 2124 disjunctum,
683 2041 886 2128 discrepitans
913 2051 979 2116 est,
1004 2059 1118 2124 quam,
1144 2061 1228 2103 mor-

115 2148 176 2211 tale
206 2145 290 2230 quod
322 2156 384 2222 est,
412 2145 534 2223 differt,
562 2146 753 2232 disjunctum
773 2158 838 2224 cst,
859 2145 1013 2230 discrepat
1032 2144 1072 2208 eb
1090 2144 1227 2228 eoquod

115 2252 291 2316 immortale
317 2261 372 2317 ost.
418 2251 501 2338 Ergo
532 2253 731 2316 immortali
754 2253 902 2339 pereuni
935 2261 1006 2314 sunt
1036 2248 1128 2314 dativi
1154 2250 1227 2314 sub·

115 2357 276 2422 intellecto
294 2355 509 2443 disjunctum
532 2368 582 2420 ost
601 2369 656 2423 aut
679 2360 741 2424 alio
763 2357 911 2444 quopiam
932 2354 1036 2421 simili.
1065 2353 1118 2417 Uti
1139 2355 1225 2418 enim

115 2462 232 2541 dicitur
260 2462 378 2526 simile
401 2462 515 2526 alicui
537 2465 608 2542 rei,
628 2465 669 2528 ita
698 2477 728 2530 ct
755 2462 931 2528 dissimile
953 2460 1065 2524 alicui
1087 2463 1158 2538 rei,
1180 2462 1226 2525 uti

107 2569 274 2654 junctum
296 2566 410 2630 alicui
431 2570 507 2646 roi,
534 2569 576 2633 ita
594 2568 809 2657 diffuuctum
832 2569 945 2633 alicui
967 2568 1023 2630 rei
1040 2578 1100 2633 etc.
1132 2566 1225 2647 Quod
1282 2571 1286 2584 ’

114 2695 213 2760 quum
244 2673 362 2737 libririi
389 2696 453 2739 non
486 2688 655 2760 ceperunt,
693 2676 781 2742 hunc
812 2697 933 2741 versum
965 2673 1164 2757 subjecerunt
1189 2683 1226 2736 ut
1283 2752 1286 2756 Ι

112 2800 218 2844 sensus
240 2778 365 2863 quidam
377 2827 386 2858 ,
413 2780 486 2866 ipsis
512 2780 672 2863 judicibus
698 2782 865 2858 deficiens,
897 2780 944 2844 his
973 2779 1109 2843 versibus
1136 2778 1224 2842 dare·

112 2896 182 2964 tur;
212 2884 266 2948 sed
288 2886 411 2952 frustra.
458 2886 529 2951 llon
557 2887 672 2951 mirum
699 2887 759 2953 hac
788 2890 822 2953 in
852 2909 886 2952 rc
903 2883 1064 2949 librarium
1083 2884 1115 2948 in
1134 2905 1224 2949 versu

58 2982 61 2988 ’
110 2989 186 3054 ficto
212 2990 368 3075 scripsisse
399 2991 516 3055 soloas
535 2992 705 3076 proeellas
732 2994 754 3061 i.
788 3016 816 3059 e.
850 3014 886 3056 ex
914 2990 1029 3076 quibus
1058 2989 1224 3055 incolumis

114 3095 256 3185 unimus¹
274 3095 395 3174 eradit,
428 3097 471 3162 ita
504 3120 538 3162 se
573 3099 815 3185 prolanditatem
847 3097 1064 3162 Lucretianam
1101 3094 1223 3179 assequi

111 3222 201 3286 posse
227 3211 402 3285 putantem.

158 3312 200 3383 3,
222 3309 298 3373 851.
348 3309 417 3373 Non
440 3321 560 3376 tantum
579 3311 677 3399 Lugd.
701 3314 742 3388 2,
771 3309 824 3376 sed
856 3309 949 3374 etiam
978 3309 1057 3372 libro
1082 3328 1221 3373 manusc.

14 3457 16 3462 ,
110 3409 253 3476 Lambini
282 3435 448 3478 ammos.

160 3518 200 3592 3,
220 3519 299 3582 855.
346 3518 415 3585 lam
434 3520 600 3585 Lambinus
621 3533 705 3586 recte
732 3520 817 3585 bunc
849 3521 954 3584 locum
976 3517 1124 3603 explicuit
1143 3514 1223 3605 (me-
1287 3519 1303 3548 ⁹

113 3620 175 3684 lius
199 3640 293 3705 qnam
321 3620 467 3711 Creoob).
804 3684 810 3696 ,

157 3731 198 3803 3,
220 3729 297 3792 857.
344 3729 412 3793 Non
432 3740 553 3794 tantum
576 3732 710 3819 Lugdl
733 3730 786 3796 sed
805 3743 836 3796 ot
852 3728 973 3814 aliquot
993 3728 1065 3792 libri
1081 3748 1220 3793 manusc.

108 3831 252 3896 Lambini
278 3843 371 3897 coetu
404 3857 461 3920 pro
499 3848 622 3904 comto.
668 3837 752 3902 Nihil
784 3836 837 3901 bic
870 3834 910 3899 de
936 3844 1061 3909 comtu,
1091 3843 1219 3908 ornatu,

110 3947 277 4022 apparatu,
314 3937 543 4018 instrumento,
575 3943 622 4006 uti
653 3943 803 4029 Forbiger
836 3940 985 4024 explicat;
1024 3937 1101 4024 quid
1136 3937 1221 4002 onim

110 4042 168 4107 sibi
187 4043 254 4107 vult
276 4055 407 4107 comtos
429 4049 585 4131 eorporis
610 4059 712 4134 utque
735 4049 900 4111 amimae?

153 4151 191 4225 3,
213 4151 374 4216 876-78.
421 4153 475 4216 Uti
503 4154 651 4240 Forbiger
676 4153 791 4232 edidit,
820 4153 979 4237 scriptum
1009 4147 1136 4234 quidem
1167 4167 1221 4210 re-

106 4253 226 4338 peritur
248 4254 283 4317 in
308 4267 442 4340 utroque
470 4259 670 4346 Lugdunensi
698 4259 774 4337 sed,
803 4260 895 4324 totius
919 4256 981 4319 loci
1003 4275 1084 4318 nexu
1105 4252 1220 4316 iterum

106 4359 285 4446 iterumque
305 4382 476 4450 perpenso,
502 4365 549 4430 rir
563 4361 650 4430 'mihi
670 4365 802 4432 dubium
822 4373 931 4439 restet,
946 4360 1027 4445 quin
1044 4357 1220 4442 corruptela

106 4462 222 4529 alicubi
246 4465 349 4532 lateat.
