2874 5048
748 353 797 417 to

219 551 383 627 instructi,
408 546 601 633 vilipendere
630 559 805 623 conantur,
825 548 955 610 nimium
977 549 1047 612 lreti
1069 547 1184 614 horum
1206 546 1330 636 tempo·

223 678 292 719 rum
313 657 477 720 excultiori
497 655 689 741 antiquitatis
710 653 822 720 studio.
859 654 1002 719 Ceterum
1021 655 1331 721 animadvertendum

222 772 268 826 est
288 762 469 826 Lucretium
498 783 557 826 nec
575 761 632 824 sibi
655 760 715 824 hoc
743 763 775 823 iu
798 761 868 824 loco
894 773 1037 826 constare
1066 783 1126 827 uec
1159 785 1231 828 cum
1262 763 1330 844 ipso

219 868 357 953 Epicuro
387 869 566 934 convenire.
615 868 704 931 Prius
729 879 812 951 patet
834 889 870 932 ex
894 869 992 944 2‚217
1019 869 1075 933 ubi
1095 870 1232 934 animam
1255 869 1332 933 dicit

221 996 287 1037 esso
309 995 444 1057 sparsam
468 995 553 1058 »per
584 995 694 1051 venas,
727 971 862 1050 viscera,
896 978 1029 1037 uarros’'
1064 986 1095 1037 et
1127 969 1262 1039 maxime
1292 998 1327 1039 ex

223 1079 344 1156 2,324:
366 1100 383 1141 n
398 1065 590 1164 haecigitur
602 1089 712 1141 natura
729 1076 874 1164 (animae)
888 1091 1013 1142 tenetur
1028 1101 1160 1164 corpore
1170 1081 1210 1143 ab
1222 1082 1323 1158 omui;

218 1187 372 1272 posterius
404 1198 486 1269 patet
518 1210 554 1252 ex
587 1186 733 1270 dogmate
769 1183 828 1247 hoc
862 1185 1009 1268 Epicuri:
1045 1177 1067 1264 ἡ
1104 1179 1196 1277 ψυχὴ
1235 1177 1331 1271 σῶμά

219 1291 288 1356 ἐστι
314 1293 524 1378 λεπτομερὲς,
557 1288 626 1377 παρ’
658 1277 736 1353 ὅλον
767 1278 805 1351 τό
845 1280 1014 1375 ἄθροισμα
1042 1291 1327 1378 παρεσπαρμένον.

219 1397 281 1461 Sed
302 1397 379 1460 haec
413 1396 621 1459 inconstantia
655 1395 729 1458 oriri
763 1392 886 1457 videtur
920 1416 957 1456 ex
985 1396 1169 1458 confusione
1197 1398 1333 1460 arrianae

221 1514 252 1567 et
273 1504 405 1580 onimi5
426 1501 540 1574 deilla
566 1500 598 1562 in
632 1501 708 1563 locis
739 1501 839 1566 allatis
871 1500 969 1584 magis
1000 1501 1117 1585 cogitat
1148 1507 1257 1586 potita,
1291 1501 1330 1564 de

219 1606 280 1673 hoc
309 1609 341 1672 iu
367 1619 472 1671 nostro
506 1609 576 1672 loco
608 1606 803 1670 solummodo
847 1607 981 1691 quaerit.
1037 1608 1126 1671 Hanc
1158 1630 1231 1671 roro
1266 1629 1333 1672 esse

220 1715 452 1780 distinctionem
485 1734 546 1776 non
567 1714 600 1776 iu
630 1711 750 1776 diversa
770 1710 882 1774 borum
908 1723 1018 1776 natura
1044 1715 1252 1791 collocatam,
1278 1713 1334 1777 sed
1430 1713 1431 1718 ’

221 1843 258 1886 ex
292 1807 454 1885 altioribus
496 1818 754 1882 humilioribusre
782 1819 878 1882 animi
905 1820 1138 1903 operationibus
1176 1821 1327 1903 petitam,

219 1938 307 2012 patet
333 1947 369 1989 ea
392 1925 491 2001 atat
511 1925 543 1985 ds
566 1924 605 1985 8:
642 1925 765 1986 »Nunc
795 1923 934 1987 animum
966 1935 1061 2010 atque
1096 1927 1230 1988 animam
1259 1925 1331 1990 dico

221 2031 390 2114 conjuncta
421 2029 520 2093 teneri
552 2029 639 2092 luter
675 2049 727 2100 so,
765 2039 860 2114 atque
888 2049 983 2100 unam
1021 2041 1163 2094 naturam
1194 2019 1330 2120 (papir)

222 2136 379 2202 conficere
399 2156 434 2199 ex
455 2139 521 2200 se.”

268 2248 299 2321 3,
314 2245 388 2309 101.
436 2243 528 2306 Nulla
565 2252 610 2304 est
644 2241 722 2305 ratio
754 2262 812 2305 cur
847 2263 864 2304 a
896 2239 1041 2306 codicum
1076 2242 1214 2305 lectione
1244 2235 1335 2327 qnod

222 2351 436 2415 deflectamus.
486 2336 582 2434 Quod
600 2346 711 2431 faciat
730 2368 790 2410 noa
819 2349 929 2410 viuere
957 2369 1032 2411 cnm
1058 2369 1157 2412 renen
1188 2347 1333 2410 reserun-

223 2469 274 2522 tur
305 2455 344 2520 ad
374 2455 529 2519 actionem
562 2451 761 2530 harmoniae,
803 2454 910 2536 itaque
947 2465 1032 2518 recte
1072 2465 1184 2518 neutro
1214 2472 1332 2539 genere

224 2583 397 2649 pronomen
421 2562 557 2645 ponitur.

269 2672 390 2746 3,155.
439 2667 537 2729 Recto
566 2664 734 2728 Lambinus
766 2666 909 2750 legerat,
939 2687 1010 2730 suos
1039 2677 1163 2730 secutus
1185 2663 1329 2728 codices:

223 2773 360 2838 sudores
376 2773 493 2859 itaque
510 2783 541 2834 et
567 2771 759 2855 pallorem,
783 2793 886 2858 neque
901 2771 991 2834 aliter
1017 2770 1180 2835 exhibetur
1202 2772 1233 2832 iu
1253 2771 1332 2836 Vos·

108 2951 112 2962 ¹
222 2881 334 2956 aianis,
363 2879 421 2941 nisi
453 2876 538 2963 qnod
571 2887 602 2939 ot
630 2877 801 2953 omittitur,
835 2876 920 2963 quod
954 2888 1054 2941 tamen
1077 2899 1170 2961 saepe
1189 2877 1222 2939 io
1246 2874 1332 2938 hisce

223 2984 384 3052 codicibus
408 2983 630 3057 omissumcst,
657 2983 711 3045 ubi
737 2983 911 3046 necessario
934 2984 1122 3069 requiritur3
1145 3007 1173 3046 v.
1187 2983 1331 3068 gnate

221 3093 311 3160 Voss.
345 3090 473 3174 acepit,
504 3089 562 3152 sibi
594 3088 745 3173 gaudet.'’
792 3089 911 3176 Itaque
934 3111 991 3173 pro
1012 3101 1043 3152 ot
1073 3092 1127 3154 ita
1154 3101 1221 3152 tum
1249 3085 1333 3172 apud

222 3198 424 3272 Lucretium,
456 3207 522 3257 tum
555 3193 638 3277 apud
670 3194 746 3257 alios
767 3204 811 3257 est
834 3196 991 3260 usitatum.

268 3302 384 3381 3,ttt.
433 3300 581 3380 Quamvis
603 3301 696 3363 lectio
717 3300 861 3364 codicum
877 3302 1116 3386 explicationem
1128 3301 1186 3364 sibi
1199 3299 1330 3374 babeat,

222 3412 352 3494 languet
375 3418 477 3470 tamen
510 3405 540 3467 iu
574 3403 633 3468 hac
664 3405 895 3490 descriptione,
917 3407 1068 3471 brevitate
1090 3418 1120 3470 et
1145 3406 1331 3490 praegnanti

222 3514 361 3580 omnium
384 3511 608 3576 vocabulorum
630 3511 859 3595 significatione
877 3514 1014 3598 insigni,
1050 3511 1153 3576 istud:
1183 3513 1244 3598 qni
1266 3512 1331 3597 gi-

220 3624 355 3710 gnitur.
388 3617 552 3683 Lenissima
584 3619 755 3682 mutatione
786 3620 987 3684 scribendum
1014 3641 1144 3684 censeo:

414 3849 430 3888 n
443 3839 481 3888 et
501 3829 537 3888 ira
552 3826 780 3910 ferramentis
797 3831 859 3916 qui
881 3831 1049 3916 gignitur
1067 3833 1214 3893 castus.”

222 4045 243 4108 i.
267 4062 294 4106 e.
317 4051 348 4102 ot
368 4049 490 4112 aestus,
519 4038 575 4122 qui
597 4037 683 4124 gigni
716 4038 795 4101 solet
825 4039 857 4100 in
882 4037 1078 4101 ferramentis
1105 4037 1128 4102 i.
1157 4058 1185 4102 e.
1215 4037 1327 4102 aetne-

222 4147 309 4214 ribus
328 4144 518 4208 ferramento
538 4142 641 4207 illatis.
691 4143 948 4208 Ferramentum
968 4141 1051 4226 apud
1073 4142 1253 4206 Lucretium
1266 4163 1329 4206 uon

220 4256 282 4322 alio
310 4253 380 4316 loco
401 4249 582 4324 invenitur,
613 4249 666 4313 sed
699 4249 781 4334 apud
803 4250 935 4333 optimos
964 4249 1130 4332 scriptores
1161 4248 1329 4312 adhibetur

219 4383 277 4450 pro
305 4355 409 4446 gladio
439 4357 560 4432 telove,
583 4355 665 4439 apud
681 4357 858 4432 varanem,
879 4356 1083 4430 Ciceronem,
1106 4356 1250 4432 bivium,
1273 4356 1332 4420 Ta·

220 4470 328 4535 citum.
354 4451 357 4460 ¹
380 4463 543 4528 Contracta
580 4462 632 4524 illa
673 4461 788 4528 dictio:
822 4464 877 4551 qui
898 4464 931 4527 in
949 4464 1147 4528 ferramentis
1167 4463 1331 4548 gignitur;
