2874 5048
117 1289 454 1392 nxrosrrro
500 1294 812 1384 crcuaoms
848 1259 934 1386 ,ω’
961 1301 1237 1403 aurorum

398 1437 713 1544 renonem,
760 1441 836 1546 11,
882 1447 959 1529 ll:

129 1711 286 1779 Lucretii
310 1728 490 1800 poemata,
535 1728 575 1782 ut
609 1717 755 1793 acribia,
791 1720 846 1782 ito
878 1731 984 1784 aunt:
1017 1743 1084 1785 aon
1115 1723 1237 1788 multis
1272 1793 1274 1800 ,

265 1835 457 1906 luminibus
485 1841 646 1926 ingenii,
677 1839 808 1906 multoe
838 1853 951 1905 tomen
983 1846 1085 1910 artis.

171 2087 278 2219 Quos
322 2122 456 2185 Lucretii
489 2130 638 2184 amatores
669 2122 772 2186 infelix
814 2121 890 2184 haec
929 2123 1078 2185 sententia
1120 2125 1236 2188 nefasto

122 2226 172 2292 dio
209 2250 227 2290 a
268 2227 415 2293 Cicerone
444 2229 553 2312 scripte
585 2227 616 2290 in
638 2234 746 2311 politae
777 2227 942 2311 perniciem
973 2227 1234 2315 opprobriumque
1297 2228 1301 2234 ’

114 2334 319 2398 -aestimatoris
331 2354 392 2396 non
414 2331 557 2396 offendit!
583 2331 660 2396 Inde
680 2334 720 2396 ab
738 2333 907 2398 audacibus
925 2333 1053 2397 Manutii
1065 2379 1074 2410 ,
1087 2335 1233 2413 Gruteri,

121 2440 263 2504 Lambini
291 2438 554 2503 emendationibus
586 2460 683 2524 usque
706 2439 745 2502 ad
768 2439 959 2524 probabilem
992 2440 1121 2503 Ernestii
1154 2461 1234 2506 con-

118 2545 272 2630 jecturam
298 2543 498 2630 pejoremque
522 2542 666 2607 codicum
690 2545 828 2607 lectionis
859 2545 987 2607 nitelam
1014 2543 1230 2622 Wakefieldii‚

122 2672 214 2716 nemo
235 2652 298 2714 fere
322 2649 407 2712 hune
430 2651 535 2713 locum
558 2650 660 2734 tetigit
680 2652 778 2736 quin,
815 2651 948 2713 Lucretii
970 2651 1128 2726 misertus,
1153 2654 1232 2716 varia

121 2758 237 2822 ratione
258 2757 404 2820 leniorem
427 2757 607 2818 sententiam
627 2755 710 2819 hisce
734 2777 751 2818 e
777 2757 873 2819 rerbis
903 2757 1012 2820 elicere
1032 2767 1159 2820 conatus
1175 2761 1230 2836 sit,

120 2879 222 2948 neque
253 2883 310 2947 ego
330 2862 435 2926 surore
459 2861 565 2924 critico
597 2863 730 2924 intactus
761 2862 878 2936 mansi,
909 2863 1049 2948 quamvis
1068 2883 1171 2927 verear
1192 2887 1231 2929 ne

120 2967 333 3032 emendatione
365 2987 433 3028 mea
462 2988 525 3029 rem
549 2967 682 3031 Lucretii
711 2987 831 3052 prorsus
859 2967 1054 3051 pessumdare
1080 2979 1111 3031 et
1135 2991 1231 3053 prae·
1302 3015 1304 3018 -

120 3074 268 3136 varicator
292 3071 397 3136 haberi
419 3070 530 3135 videar.
1076 3146 1079 3151 Ι
1107 3149 1109 3154 Ι

166 3179 273 3259 Quum
293 3179 325 3241 in
349 3177 491 3240 omnibus
514 3177 675 3241 codicibus
697 3179 886 3262 reperiatur:
921 3201 937 3240 n
953 3181 986 3243 L.
1011 3199 1042 3264 p.
1069 3201 1100 3244 u.
1148 3201 1170 3246 s.
1207 3183 1227 3244 i.

117 3293 208 3362 sunt3
230 3282 335 3345 multis
356 3281 527 3345 luminibus
555 3283 694 3367 ingenii,
727 3285 843 3346 multae
879 3294 980 3356 tamen
1010 3285 1081 3347 artis
1092 3290 1126 3364 ;'’
1173 3285 1228 3350 Er·

118 3389 217 3465 nesti,
251 3398 322 3451 ante
352 3386 498 3461 moltis,
520 3409 588 3450 noo
620 3389 767 3466 inseruit,
804 3390 850 3452 uti
883 3388 994 3454 dehinc
1041 3391 1131 3476 vulgo
1163 3391 1233 3455 edi?

117 3505 185 3559 tum
207 3505 261 3560 est.
309 3493 368 3558 Sed
394 3505 472 3579 puto
501 3494 678 3560 Ciceronem
712 3497 880 3580 scripsisse:
915 3495 956 3562 L.
982 3518 1018 3580 p.
1065 3518 1098 3558 u.
1135 3519 1163 3562 e.
1199 3500 1225 3558 i.

117 3610 223 3664 mot:
246 3600 359 3663 mollis
385 3599 573 3664 luminibus
591 3603 750 3690 ingenii,
782 3601 910 3666 multoe
943 3612 1056 3663 tomen
1076 3603 1181 3669 ortis.

161 3707 208 3770 En
242 3707 371 3769 rationes
401 3727 492 3770 meas.
539 3707 582 3770 Ex
609 3709 675 3792 ipso
706 3709 775 3770 loco
803 3717 889 3791 patet
916 3705 1068 3785 Quintum
1102 3706 1226 3771 fratrem

115 3811 155 3876 de
178 3813 312 3877 Lucretii
336 3813 540 3890 carminibus,
558 3814 635 3876 forte
660 3811 832 3887 ineditis,
853 3810 892 3875 ad
919 3811 1055 3898 Marcum
1077 3812 1226 3897 scripsisse

115 3929 146 3982 et
169 3920 311 3982 criticum
334 3920 495 4004 ingenium
519 3920 554 3982 iis
578 3917 770 3983 aestimandis
796 3917 923 3980 acuisse.

159 4024 198 4086 Et
227 4026 325 4109 qualis
344 4035 408 4088 erat
427 4025 479 4088 ille
505 4023 665 4104 Quintus?
710 4024 779 4086 Dur
810 4023 895 4085 fortis
928 4032 1021 4108 atque
1065 4023 1179 4105 peritus
1207 4047 1225 4086 a

115 4129 240 4196 Caesare
269 4117 421 4205 dilectus,
449 4130 615 4194 liberaliter
635 4130 812 4207 institutus,
836 4148 899 4190 nou
921 4127 953 4190 in
987 4124 1152 4210 disciplinis
1174 4148 1225 4191 se-

117 4236 192 4298 veris
224 4243 255 4298 et
288 4233 503 4319 philosophicis
526 4244 675 4312 versatus,
696 4232 748 4299 sed
774 4231 954 4318 pulcrarum
987 4229 1100 4292 artium
1124 4231 1225 4295 studi-

117 4359 202 4417 osus,
226 4339 415 4426 Sophoclem
436 4338 550 4416 homo,
574 4339 689 4403 deliciis
724 4340 883 4404 literarum
912 4334 1101 4399 Graecarum
1137 4334 1222 4401 dedi·

118 4455 189 4521 tus,
212 4455 324 4531 atque,
349 4446 397 4511 uti
418 4445 477 4510 hcc
502 4466 600 4530 genus
620 4443 784 4511 hominum
804 4465 866 4508 esse
892 4440 989 4515 solet,
1017 4438 1139 4504 mobilis
1172 4444 1223 4506 in·

596 4553 599 4558 '
1035 4547 1056 4608 6
