2874 5048
651 358 697 423 59

122 558 247 623 venitur
265 554 323 644 (ss.
343 549 508 638 tet-37),
540 551 594 616 ubi
614 575 689 617 aura
711 550 848 642 (ventus)
868 579 961 643 vapor
984 573 1013 625 et
1032 572 1086 628 ete'r
1106 586 1235 632 enumc-

122 675 252 740 rautur‚
281 673 312 726 et
343 682 417 725 crox
443 655 536 746 (235)
560 659 631 723 loeo
652 659 775 744 vaporis
792 663 878 727 calor
899 667 1047 750 ponitur;
1068 670 1113 735 sic
1132 675 1235 750 3,340

123 792 237 859 itaqua
262 767 390 834 dimittit
417 771 599 852 vaporem.”

167 877 269 958 Quam
293 884 364 959 apte
383 893 495 956 pavor
512 870 712 950 adhibeatur,
738 877 923 959 comparatis
950 879 1047 944 bobus
1073 901 1148 946 cum
1170 904 1239 948 cer-

123 984 169 1050 vis
197 983 256 1068 (uti
286 981 320 1044 in
350 978 608 1064 praecedentibus
632 1000 704 1042 cum
733 980 875 1046 leonibus
904 983 981 1047 irai
998 982 1067 1066 soe
1090 984 1236 1074 dicitur)

123 1109 187 1154 nou
211 1098 314 1152 estut
336 1085 546 1150 demonstrem
570 1085 723 1169 pluribus.
1188 1079 1193 1090 '

169 1197 206 1272 3,
230 1194 310 1258 290.
357 1191 426 1256 Non
450 1188 543 1253 laudo
565 1189 692 1254 nimiam
712 1190 895 1276 religionem
915 1214 978 1279 qua
996 1195 1238 1274 Eicbstaedtius,

125 1312 156 1366 et
180 1297 350 1365 secundum
383 1317 455 1360 eum
479 1293 649 1380 Forbiger,
683 1317 719 1358 ex
750 1295 837 1360 libris
868 1299 995 1364 retinuit
1028 1304 1146 1364 uerius
1168 1322 1242 1387 prae

126 1405 259 1492 eleganti
300 1414 331 1468 et
363 1403 412 1465 rix
447 1412 503 1465 aut
537 1421 577 1464 ne
607 1400 656 1464 rix
695 1401 822 1486 quidem
855 1403 1063 1471 addubitanda
1099 1407 1241 1472 Lambini

125 1511 343 1577 emendatione
370 1506 519 1572 ceribus.
567 1505 690 1570 Etenim
720 1507 860 1572 scribam
881 1533 922 1576 ne
943 1511 1082 1577 deflectit
1111 1512 1239 1597 quidem

124 1643 142 1682 a
164 1615 324 1682 codicibus
348 1615 424 1699 qui,
454 1624 489 1677 ut
515 1595 659 1697 pluribus
680 1611 713 1676 in
736 1613 811 1678 locis
828 1615 1000 1693 monitum,
1018 1639 1055 1682 ex
1072 1617 1241 1704 archetypo

124 1745 181 1810 per
201 1720 423 1806 compendium
447 1719 582 1803 scripto,
609 1719 751 1804 neglecta
779 1719 910 1798 lineola,
940 1725 1060 1785 aerius
1080 1721 1237 1792 exhibent.

170 1829 332 1892 Praeterea
362 1827 481 1887 cemus
519 1835 596 1887 emet
620 1823 838 1908 explicandum
874 1828 985 1890 nimis
1015 1829 1147 1891 acrites·
1182 1851 1241 1894 nee

59 1953 71 1970 ·
123 1946 228 2000 tamen
260 1931 312 2000 bic
343 1942 398 1995 aut
427 1930 459 1994 in
493 1929 714 2014 sequentibus,
753 1929 899 1997 historice
933 1933 1092 2010 referenti,
1129 1941 1239 2018 poetae

124 2037 274 2124 culpandi
292 2039 379 2102 locus
400 2048 464 2112 cst,
492 2045 526 2099 ut
548 2035 602 2122 qui
628 2035 775 2122 loquatur
794 2037 834 2101 de
849 2039 1035 2104 animalibus
1058 2039 1156 2127 (aliud
1175 2051 1238 2116 est,

124 2145 180 2210 ubi
208 2143 248 2208 de
277 2140 670 2226 bominibus,³08-19).
716 2141 837 2207 Deinde
863 2146 1071 2229 comparativo
1098 2157 1238 2222 retento,

123 2261 315 2336 exspectares
340 2250 459 2313 uerior
478 2245 595 2310 ardor.
642 2246 676 2311 si
704 2247 780 2332 quid
805 2249 911 2326 enim,
936 2250 1028 2315 ardor
1054 2251 1169 2314 nimius
1195 2267 1241 2320 est

125 2355 318 2443 culpandus,
345 2375 409 2420 non
436 2354 533 2433 ratio,
566 2375 628 2440 qua
647 2354 682 2418 in
707 2354 806 2418 oculis
828 2377 861 2419 se
881 2357 1064 2422 manifestat.
1103 2422 1108 2432 ,

171 2463 316 2547 Denique
341 2483 405 2526 non
434 2472 555 2526 tantum
585 2459 750 2547 Virgilius,
771 2459 857 2526 bunc
881 2464 986 2526 looum
1009 2463 1044 2528 in
1066 2483 1133 2528 rem
1150 2485 1236 2528 suam

125 2579 269 2646 vertens,
301 2568 424 2652 scripsit
460 2566 619 2643 mitur,
651 2566 704 2631 sed
733 2577 807 2651 apte
840 2567 931 2632 edam
964 2555 1069 2634 attulit
1099 2591 1136 2632 ex
1170 2568 1238 2654 ipsc

126 2685 231 2740 nostro
253 2671 421 2740 Greecbins
440 2696 482 2740 vs.
505 2675 571 2738 295
598 2671 711 2737 »acria
738 2672 855 2738 corda''
881 2676 935 2739 cui
960 2675 1038 2740 adde
1064 2697 1100 2740 ex
1130 2670 1239 2739 eodem

126 2783 200 2846 loco
225 2779 265 2843 de
298 2781 401 2844 calore
430 2779 526 2844 animi
555 2801 597 2844 vs.
631 2780 699 2842 312
731 2779 816 2843 »iras
841 2786 961 2846 acree.”
1008 2781 1063 2845 His
1096 2781 1241 2845 omnibus

126 2884 286 2973 perpensis
310 2887 419 2962 nulla,
440 2905 492 2950 me
507 2884 634 2969 judice,
655 2885 843 2970 relinquitur
859 2885 1023 2954 dubitatio.

171 2995 212 3069 3,
233 2995 310 3060 310.
359 2992 581 3078 Lugdunenses
608 2991 746 3077 aliique,
771 3002 902 3058 testante
920 2993 1162 3078 llavercampio,
1188 3013 1240 3056 ex·

126 3097 236 3163 bibent
262 3109 415 3175 moturo3
443 3110 474 3162 ct
499 3119 562 3162 non
587 3109 709 3162 tantum
730 3100 867 3162 unimus
896 3079 1048 3183 seriptum
1075 3119 1140 3162 esse
1158 3096 1240 3162 ride-

126 3215 177 3268 tur
200 3204 233 3268 in
260 3204 333 3289 ipsis
361 3203 408 3268 bis
424 3203 712 3290 lugdunensibus,
734 3203 785 3268 sed
808 3204 891 3268 etin
907 3205 1049 3268 Lambini
1070 3203 1239 3271 codicibus.

126 3310 268 3375 Giianius
296 3309 399 3386 enim,
423 3311 540 3372 animi
566 3300 726 3386 scribens,
756 3308 862 3374 addit:
897 3309 990 3374 »boc
1018 3333 1055 3374 ex
1082 3309 1241 3375 veteribus

126 3413 311 3501 quibusdam
339 3416 447 3481 malui.
495 3415 576 3478 Alii:
603 3415 762 3482 animae.’'
809 3415 984 3481 Auctoritas
1001 3416 1118 3482 citanti
1139 3417 1173 3480 in
1191 3435 1239 3481 re-

127 3521 262 3586 ferendis
293 3519 436 3586 codicum
475 3521 661 3586 lectionibus
691 3522 776 3586 nulla
809 3534 875 3600 est,
913 3534 949 3586 ut
975 3523 1108 3608 cuique,
1142 3524 1175 3586 in
1207 3543 1241 3587 rc

126 3626 234 3692 critica
256 3627 393 3692 Lucretii
413 3640 548 3702 versato,
581 3640 749 3713 pernotum
773 3641 836 3707 est;
864 3649 921 3713 per
949 3628 1039 3690 ulios
1067 3638 1171 3693 autem
1191 3628 1237 3691 ri-

126 3729 218 3797 detur
238 3733 371 3798 innuere
388 3733 594 3808 Lambinum,
623 3753 728 3818 neque
757 3733 819 3796 tae
847 3733 880 3797 in
914 3754 948 3796 re
974 3732 1052 3797 fides
1081 3734 1110 3797 ei
1139 3734 1239 3798 denc-

128 3839 249 3926 ganda,
290 3839 438 3923 quoniam
475 3861 539 3903 non
572 3849 676 3904 tantae
705 3838 921 3925 impudentiae
949 3839 1131 3916 Gifanium,
1170 3851 1242 3904 utut

126 3964 239 4010 manus
269 3944 309 4009 ab
335 3944 445 4009 alienis
469 3966 533 4010 non
558 3955 806 4029 temperantem,
834 3966 981 4010 accusare
1009 3965 1145 4031 aequum
1175 3958 1240 4024 est,

127 4051 215 4136 quasi
241 4050 324 4134 ipse,
354 4051 440 4137 quod
471 4051 639 4116 Lambinus
659 4053 761 4137 palam
782 4051 970 4138 scripsisset,
999 4053 1058 4117 sibi
1079 4042 1240 4137 adjudica-

125 4156 177 4222 rit.
225 4155 286 4220 Sed
318 4179 382 4222 non
414 4168 535 4223 tantum
571 4157 693 4224 codices
731 4157 784 4222 sed
822 4169 853 4222 et
889 4181 997 4224 sensus
1037 4158 1172 4244 postulat
1206 4165 1241 4221 ut

126 4262 297 4327 scribatur:
350 4259 494 4327 Nature
533 4266 695 4350 caiusque
735 4265 873 4328 ursimus
917 4264 1069 4350 castigio
1105 4264 1237 4348 prima.

127 4366 236 4448 Quum
268 4389 338 4433 vcro
361 4369 479 4434 librarii
510 4370 700 4435 deteriorum
728 4369 996 4459 apographorum,
1024 4380 1155 4432 nucero
1183 4387 1240 4455 pm

126 4472 260 4540 ablativo
283 4473 451 4552 babentes,
481 4497 604 4545 mosum
626 4477 686 4543 loci
718 4499 781 4542 nou
809 4475 1037 4562 perspicerent,
1066 4476 1099 4538 in
1133 4485 1241 4538 eem-
