2874 5048
639 368 683 432 ⁷1

111 587 207 654 quam
240 576 272 628 et
285 563 370 650 fiae.
418 561 478 626 Sed
518 582 619 623 reram
653 571 786 646 praestat
814 560 934 646 orbino.
981 563 1086 629 Fano
1112 587 1225 652 nempe

112 684 243 737 mortem
273 669 479 758 significaret,
508 668 553 732 nti
587 668 652 752 ipse
681 667 830 754 Forbiger
848 681 957 753 putat,
978 671 1107 737 afferens
1126 674 1225 737 multa

112 777 206 862 hujus
230 799 302 842 usus
332 775 491 859 exempta3
526 773 599 849 sed,
635 785 758 858 praeter
786 774 869 859 quod
888 775 997 860 finio,
1030 776 1112 842 nuda
1140 779 1224 862 posi-

112 895 196 960 tum,
226 883 294 947 sine
313 882 377 946 ulia
407 893 460 945 aut
485 901 521 942 ex
543 878 797 944 antecedentibus
820 892 874 944 aut
903 903 938 945 ex
966 883 1225 969 subsequentibus

110 987 333 1074 suppeditanda
358 985 619 1052 determinatione
641 985 770 1062 mortis,
796 986 931 1070 graviter
951 987 1094 1063 offendit,
1119 989 1225 1064 nultos

113 1105 157 1158 est
182 1094 276 1158 morti
304 1095 403 1160 locus.
451 1092 560 1155 Sermo
590 1101 636 1154 est
662 1089 701 1154 de
726 1091 990 1173 incommodis-et
1014 1095 1123 1172 malis,
1150 1094 1228 1179 qni·

112 1200 169 1264 bus
197 1221 328 1284 corpus,
352 1198 449 1282 magis
476 1217 571 1282 quarn
587 1196 730 1272 animus,
753 1205 798 1280 est
816 1197 988 1280 subjectum
1014 1197 1224 1286 (733c34);

112 1325 195 1368 mors
222 1324 293 1368 vero
316 1319 420 1386 neque
448 1302 567 1365 malurn
597 1311 642 1363 est
667 1300 843 1385 Epicureo,
875 1304 920 1366 oti
946 1305 1090 1381 morbus,
1120 1307 1225 1392 algor,

112 1411 225 1486 fames,
264 1429 368 1492 neque
404 1407 509 1493 magis·
538 1427 651 1490 corpus
685 1406 744 1470 sibi
774 1404 867 1471 habet
901 1409 1098 1493 subjectum,
1133 1431 1226 1497 quam

112 1516 273 1592 animum,
301 1515 335 1578 in
361 1534 424 1598 quo
453 1512 613 1596 probando
637 1510 757 1576 medius
784 1525 923 1579 versatur
954 1524 1046 1598 poeta
1073 1515 1133 1581 boc
1159 1518 1227 1602 ipso

113 1623 146 1688 in
175 1622 261 1697 ioco,
294 1620 367 1696 ubi,
398 1616 784 1688 demonstrandovcrmes
811 1620 896 1684 nasci
919 1642 954 1683 ex
981 1621 1109 1685 residuis
1127 1623 1226 1686 animi

13 1749 14 1752 ’
115 1739 184 1814 post
211 1737 359 1802 mortem,
385 1725 519 1809 probare
551 1725 608 1788 sibi
638 1723 761 1787 videtur
788 1724 949 1797 animum,
981 1738 1089 1811 utpote
1118 1727 1242 1791 dirisi·-

115 1834 231 1909 biiem,
256 1854 320 1896 esse
343 1829 516 1896 mortalem.

160 1935 274 2027 Affirre
294 1948 401 2003 contra
425 1935 581 2020 aptissime
602 1956 634 1998 se
653 1934 756 2000 habet.
793 1934 923 2020 Corpus
943 1936 1044 2024 affine
1064 1940 1168 2000 uitiis
1184 1951 1229 2002 est

115 2046 269 2132 particeps
294 2044 459 2114 vitiorum,
488 2061 623 2126 pronum
650 2041 687 2104 ad
713 2041 804 2118 vitia,
835 2042 879 2105 uti
903 2042 1027 2108 Terent.
1051 2044 1161 2126 Heaut.
1184 2047 1226 2121 2,

118 2155 159 2228 1,
191 2159 230 2213 5:
267 2169 401 2214 »earum
432 2169 539 2212 rerum
562 2147 686 2222 affines,
711 2168 787 2231 quas
807 2149 868 2210 fert
895 2148 1137 2213 adolescentia.”
1176 2151 1229 2214 Sic

115 2257 227 2323 Cicero
258 2256 394 2337 saepius:
437 2254 564 2316 »affinis
603 2253 734 2316 facinori
772 2263 802 2315 et
823 2253 1068 2338 ‘turpitudini.”·
1104 2254 1225 2318 Livius:

118 2343 245 2426 »noxae
269 2361 402 2432 affinis.”
449 2360 655 2423 illudentem
674 2360 778 2421 uitiis
801 2356 911 2442 adfine
937 2358 1072 2422 laborat
1088 2359 1226 2437 dictum,

118 2470 162 2533 uti
194 2469 320 2544 1,344
350 2475 466 2528 »motu
496 2465 612 2550 privata
637 2469 813 2530 carerent.”
860 2466 1006 2548 Exempla
1036 2467 1101 2550 ipsa
1133 2466 1227 2530 Lam·

116 2575 183 2639 bini
208 2572 341 2638 adduco.
388 2571 443 2634 His
473 2571 633 2656 perpensis
648 2570 770 2653 judicet
795 2591 914 2657 aequus
942 2572 1051 2636 lector.

163 2682 203 2755 3,
225 2681 301 2752 738.
351 2676 435 2740 Cum
461 2698 584 2740 omnem
615 2678 765 2760 pervertit
794 2698 937 2766 sensum3
967 2699 1039 2741 nam
1058 2676 1229 2743 biccerer-

118 2807 169 2849 sus
202 2806 239 2847 ex
270 2782 421 2868 scriptura
443 2782 603 2868 Forbigeri
635 2781 842 2867 significaret:
886 2803 903 2844 u
914 2804 972 2846 nec
998 2795 1103 2846 tamen
1126 2784 1228 2868 aliqua

118 2889 236 2952 ratione
260 2887 328 2951 fieri
357 2896 473 2970 potest,
509 2896 543 2948 ut
569 2886 693 2950 animae
720 2907 792 2950 cum
814 2887 956 2974 perfectis
977 2887 1158 2971 corporibus
1177 2887 1227 2951 in·

116 2995 280 3060 sinuentur
297 2993 473 3058 cadaveri.''
507 2993 618 3056 Nullus
641 3014 712 3056 vero
733 3006 778 3057 est
796 2992 829 3057 in
855 3004 919 3056 toto
944 2991 1004 3056 hoc
1028 2993 1098 3056 loco
1121 2993 1227 3080 (722-

119 3098 175 3186 40)
198 3121 297 3163 sermo
318 3099 357 3163 de
383 3100 501 3162 ratione
527 3119 588 3182 qua
612 3119 731 3164 vermes
756 3099 954 3163 insinuentur
977 3097 1153 3174 cadaveri,
1174 3097 1227 3163 sed

118 3215 365 3280 totusrereatur
399 3204 432 3266 in
467 3203 697 3287 disquisitione,
731 3214 856 3279 utrum,
887 3204 912 3267 si
941 3223 1061 3268 vermes
1098 3225 1160 3268 non
1190 3225 1227 3268 ex

118 3309 245 3374 residuis
275 3309 371 3372 animi
405 3310 543 3394 partibus
571 3308 689 3372 animas
725 3310 884 3392 vitamque
918 3308 1061 3391 accipere
1097 3331 1231 3373 assumas

117 3416 170 3481 sed
197 3413 342 3491 aliunde,
373 3414 430 3478 hae
450 3415 573 3478 animae
590 3415 672 3499 ipsae
691 3413 748 3477 sibi
770 3414 959 3498 conquirant
985 3414 1124 3487 semina,
1146 3414 1229 3478 unde

118 3543 247 3605 corpora
275 3521 425 3584 vermium
457 3521 613 3597 oriantur;
645 3542 684 3584 an
704 3541 776 3584 vero
800 3519 858 3583 bae
882 3520 1004 3583 animae
1025 3520 1143 3582 intrent
1159 3540 1229 3583 cor·

118 3647 207 3711 pora,
240 3626 303 3708 jam
328 3626 485 3709 perfecta,
514 3624 577 3689 huc
603 3647 702 3710 usque
720 3626 824 3689 anima
843 3626 967 3709 vitaque
985 3623 1130 3717 carentia.
1171 3625 1231 3688 Eo-

118 3732 189 3796 dem
214 3733 287 3815 jure
311 3752 374 3816 quo
391 3730 463 3807 hic,
491 3753 579 3794 versu
604 3733 669 3794 729
698 3753 774 3793 cum
795 3729 995 3795 scribendum
1023 3729 1147 3806 fuisset,
1175 3732 1229 3794 ubi

117 3836 295 3902 Wakefield
325 3838 427 3922 quari
447 3836 555 3913 babet,
587 3837 737 3922 Forbiger
768 3835 861 3900 tacite
892 3834 1128 3899 Lambinianum
1147 3838 1231 3921 jam

119 3943 246 4028 recepit.
294 3942 434 4028 Utroque
464 3943 534 4006 loco
565 3945 649 4028 jam
681 3940 906 4007 restituendum
937 3961 1001 4004 esse
1028 3952 1122 4024 patet.
1170 3941 1232 4010 vi-

119 4047 245 4113 deamus
269 4047 414 4112 codicum
440 4049 621 4134 scripturas.
652 4048 795 4113 Lambini
820 4045 956 4128 codices,
974 4046 1083 4112 Facrn.
1109 4059 1138 4111 et
1161 4049 1232 4112 Tet-

120 4154 195 4220 tian.
224 4175 283 4216 nec
314 4163 428 4216 tumore
450 4166 500 4216 ost
522 4166 564 4217 ut
587 4157 649 4240 qui
681 4177 777 4230 eume
807 4154 996 4221 Vaticanus:
1031 4173 1090 4214 racc
1120 4164 1234 4215 tumore

87 4273 90 4280 '
120 4261 247 4344 utqui
269 4281 363 4337 eom,-
388 4261 604 4325 Bertinianus:
632 4283 691 4323 uec
714 4271 829 4323 tameo
851 4269 892 4322 ut
915 4259 977 4343 qm·
999 4277 1095 4334 cum,
1120 4279 1232 4323 conve·

121 4364 210 4428 niens
229 4384 304 4428 cum
319 4357 491 4441 Vossianis,
509 4365 547 4429 ad
560 4385 657 4450 quos,
677 4388 715 4430 ex
737 4363 878 4429 Lambini
897 4360 1073 4438 codicibus,
1094 4364 1234 4448 proxime

122 4469 262 4534 omnium
283 4470 414 4537 accedit.
462 4470 636 4588 Haqrarias
654 4472 820 4556 scripturas
845 4469 887 4534 ita
908 4479 989 4532 ortas
1009 4487 1074 4533 osse
1099 4478 1186 4552 puto.
