<?xml version="1.0" encoding="UTF-8"?>
<!DOCTYPE html PUBLIC "-//W3C//DTD XHTML 1.0 Transitional//EN"
    "http://www.w3.org/TR/xhtml1/DTD/xhtml1-transitional.dtd">
<html xmlns="http://www.w3.org/1999/xhtml" xml:lang="en" lang="en">
 <head>
  <title>
</title>
<meta http-equiv="Content-Type" content="text/html;charset=utf-8" />
  <meta name='ocr-system' content='tesseract 3.04.00' />
  <meta name='ocr-capabilities' content='ocr_page ocr_carea ocr_par ocr_line ocrx_word'/>
</head>
<body>
  <div class='ocr_page' id='page_1' title='image "./dissertatiocrit00roosgoog_0083.png"; bbox 0 0 2874 5048; ppageno 0'>
   <div class='ocr_carea' id='block_1_1' title="bbox 761 388 809 452">
    <p class='ocr_par' dir='ltr' id='par_1_1' title="bbox 761 388 809 452">
     <span class='ocr_line' id='line_1_1' title="bbox 761 388 809 452; baseline 0 0"><span class='ocrx_word' id='word_1_1' title='bbox 761 388 809 452; x_wconf 79' lang='grc'><strong>70</strong></span> 
     </span>
    </p>
   </div>
   <div class='ocr_carea' id='block_1_2' title="bbox 126 577 1415 4576">
    <p class='ocr_par' dir='ltr' id='par_1_2' title="bbox 177 577 1415 1202">
     <span class='ocr_line' id='line_1_2' title="bbox 225 577 1339 679; baseline -0.004 -24"><span class='ocrx_word' id='word_1_2' title='bbox 225 591 307 679; x_wconf 89' lang='lat' dir='ltr'><strong>poris</strong></span> <span class='ocrx_word' id='word_1_3' title='bbox 335 610 425 654; x_wconf 87' lang='lat' dir='ltr'><strong>suurn</strong></span> <span class='ocrx_word' id='word_1_4' title='bbox 452 607 516 650; x_wconf 90' lang='lat' dir='ltr'><strong>esse</strong></span> <span class='ocrx_word' id='word_1_5' title='bbox 545 585 649 648; x_wconf 87' lang='lat' dir='ltr'><strong>locum</strong></span> <span class='ocrx_word' id='word_1_6' title='bbox 680 581 758 670; x_wconf 83' lang='grc'>(618</span> <span class='ocrx_word' id='word_1_7' title='bbox 776 583 808 644; x_wconf 75' lang='lat' dir='ltr'><strong>dn</strong></span> <span class='ocrx_word' id='word_1_8' title='bbox 830 577 881 667; x_wconf 83' lang='lat'><strong>19)</strong></span> <span class='ocrx_word' id='word_1_9' title='bbox 910 593 940 645; x_wconf 90' lang='lat' dir='ltr'><strong>et</strong></span> <span class='ocrx_word' id='word_1_10' title='bbox 963 582 1066 669; x_wconf 87' lang='lat' dir='ltr'><strong>pergit</strong></span> <span class='ocrx_word' id='word_1_11' title='bbox 1095 579 1206 671; x_wconf 83' lang='lat'>(620):</span> <span class='ocrx_word' id='word_1_12' title='bbox 1243 585 1339 663; x_wconf 79' lang='lat' dir='ltr'><strong>rita,</strong></span> 
     </span>
     <span class='ocr_line' id='line_1_3' title="bbox 225 687 1344 778; baseline -0.008 -15"><span class='ocrx_word' id='word_1_13' title='bbox 225 698 311 763; x_wconf 85' lang='lat' dir='ltr'><strong>varia</strong></span> <span class='ocrx_word' id='word_1_14' title='bbox 340 694 459 758; x_wconf 90' lang='lat' dir='ltr'><strong>ratione</strong></span> <span class='ocrx_word' id='word_1_15' title='bbox 484 690 585 754; x_wconf 87' lang='lat' dir='ltr'><strong>divisis</strong></span> <span class='ocrx_word' id='word_1_16' title='bbox 615 691 742 753; x_wconf 91' lang='lat' dir='ltr'><strong>artubus</strong></span> <span class='ocrx_word' id='word_1_17' title='bbox 767 710 822 772; x_wconf 88' lang='lat' dir='ltr'><strong>per</strong></span> <span class='ocrx_word' id='word_1_18' title='bbox 847 709 959 772; x_wconf 90' lang='lat' dir='ltr'><strong>corpus</strong></span> <span class='ocrx_word' id='word_1_19' title='bbox 989 687 1104 776; x_wconf 86' lang='lat' dir='ltr'><strong>(capite</strong></span> <span class='ocrx_word' id='word_1_20' title='bbox 1127 714 1154 756; x_wconf 86' lang='lat' dir='ltr'><strong>r.</strong></span> <span class='ocrx_word' id='word_1_21' title='bbox 1178 713 1205 757; x_wconf 88' lang='lat' dir='ltr'><strong>o.</strong></span> <span class='ocrx_word' id='word_1_22' title='bbox 1228 714 1344 778; x_wconf 88' lang='lat' dir='ltr'><strong>snper-</strong></span> 
     </span>
     <span class='ocr_line' id='line_1_4' title="bbox 177 790 1343 885; baseline -0.003 -19"><span class='ocrx_word' id='word_1_23' title='bbox 177 809 180 814; x_wconf 89' lang='lat'>&#39;</span> <span class='ocrx_word' id='word_1_24' title='bbox 226 825 286 879; x_wconf 92' lang='lat' dir='ltr'><strong>ne,</strong></span> <span class='ocrx_word' id='word_1_25' title='bbox 314 799 445 885; x_wconf 88' lang='lat' dir='ltr'><strong>pedihus</strong></span> <span class='ocrx_word' id='word_1_26' title='bbox 468 793 624 877; x_wconf 82' lang='lat' dir='ltr'><strong>inferne),</strong></span> <span class='ocrx_word' id='word_1_27' title='bbox 651 794 719 858; x_wconf 90' lang='lat' dir='ltr'><strong>fieri</strong></span> <span class='ocrx_word' id='word_1_28' title='bbox 750 790 863 882; x_wconf 89' lang='lat' dir='ltr'><strong>(esse),</strong></span> <span class='ocrx_word' id='word_1_29' title='bbox 883 803 918 858; x_wconf 92' lang='lat' dir='ltr'><strong>ut</strong></span> <span class='ocrx_word' id='word_1_30' title='bbox 938 815 1100 879; x_wconf 88' lang='lat' dir='ltr'><strong>nunquam</strong></span> <span class='ocrx_word' id='word_1_31' title='bbox 1122 810 1343 881; x_wconf 89' lang='lat' dir='ltr'><strong>praeposterus</strong></span> 
     </span>
     <span class='ocr_line' id='line_1_5' title="bbox 225 901 1343 988; baseline -0.005 -15"><span class='ocrx_word' id='word_1_32' title='bbox 225 909 263 974; x_wconf 89' lang='lat' dir='ltr'><strong>sit</strong></span> <span class='ocrx_word' id='word_1_33' title='bbox 287 906 362 970; x_wconf 92' lang='lat' dir='ltr'><strong>ordo</strong></span> <span class='ocrx_word' id='word_1_34' title='bbox 383 904 612 980; x_wconf 91' lang='lat' dir='ltr'><strong>membrorum,</strong></span> <span class='ocrx_word' id='word_1_35' title='bbox 645 923 672 966; x_wconf 82' lang='lat' dir='ltr'><strong>v.</strong></span> <span class='ocrx_word' id='word_1_36' title='bbox 695 923 723 966; x_wconf 91' lang='lat' dir='ltr'><strong>c.</strong></span> <span class='ocrx_word' id='word_1_37' title='bbox 748 912 783 964; x_wconf 94' lang='lat' dir='ltr'><strong>ut</strong></span> <span class='ocrx_word' id='word_1_38' title='bbox 810 921 972 985; x_wconf 91' lang='lat' dir='ltr'><strong>nunqnam</strong></span> <span class='ocrx_word' id='word_1_39' title='bbox 1000 901 1133 984; x_wconf 87' lang='lat' dir='ltr'><strong>pessit,</strong></span> <span class='ocrx_word' id='word_1_40' title='bbox 1160 904 1217 967; x_wconf 91' lang='lat' dir='ltr'><strong>uhi</strong></span> <span class='ocrx_word' id='word_1_41' title='bbox 1243 914 1343 988; x_wconf 88' lang='lat' dir='ltr'><strong>caput</strong></span> 
     </span>
     <span class='ocr_line' id='line_1_6' title="bbox 225 1004 1415 1102; baseline -0.008 -22"><span class='ocrx_word' id='word_1_42' title='bbox 225 1035 290 1080; x_wconf 85' lang='lat' dir='ltr'><strong>esse</strong></span> <span class='ocrx_word' id='word_1_43' title='bbox 319 1012 429 1076; x_wconf 84' lang='lat' dir='ltr'><strong>debeat</strong></span> <span class='ocrx_word' id='word_1_44' title='bbox 466 1018 496 1072; x_wconf 89' lang='lat' dir='ltr'><strong>et</strong></span> <span class='ocrx_word' id='word_1_45' title='bbox 530 1011 573 1072; x_wconf 89' lang='lat' dir='ltr'><strong>sio</strong></span> <span class='ocrx_word' id='word_1_46' title='bbox 605 1011 732 1092; x_wconf 88' lang='lat' dir='ltr'><strong>porro.”</strong></span> <span class='ocrx_word' id='word_1_47' title='bbox 781 1004 928 1070; x_wconf 82' lang='lat' dir='ltr'><strong>Partito</strong></span> <span class='ocrx_word' id='word_1_48' title='bbox 951 1029 1009 1092; x_wconf 90' lang='lat' dir='ltr'><strong>pro</strong></span> <span class='ocrx_word' id='word_1_49' title='bbox 1038 1006 1228 1092; x_wconf 73' lang='lat' dir='ltr'><strong>dispertito</strong></span> <span class='ocrx_word' id='word_1_50' title='bbox 1256 1009 1343 1097; x_wconf 85' lang='lat' dir='ltr'><strong>legi·</strong></span> <span class='ocrx_word' id='word_1_51' title='bbox 1414 1059 1415 1102; x_wconf 64' lang='lat'>3</span> 
     </span>
     <span class='ocr_line' id='line_1_7' title="bbox 226 1105 1415 1202; baseline -0.008 -18"><span class='ocrx_word' id='word_1_52' title='bbox 226 1132 278 1184; x_wconf 93' lang='lat' dir='ltr'><strong>tur</strong></span> <span class='ocrx_word' id='word_1_53' title='bbox 301 1119 334 1182; x_wconf 92' lang='lat' dir='ltr'><strong>in</strong></span> <span class='ocrx_word' id='word_1_54' title='bbox 361 1119 427 1181; x_wconf 91' lang='lat'><strong>710</strong></span> <span class='ocrx_word' id='word_1_55' title='bbox 450 1136 467 1176; x_wconf 77' lang='lat' dir='ltr'><strong>a</strong></span> <span class='ocrx_word' id='word_1_56' title='bbox 483 1111 612 1202; x_wconf 86' lang='lat' dir='ltr'><strong>(anima)</strong></span> <span class='ocrx_word' id='word_1_57' title='bbox 641 1113 751 1199; x_wconf 88' lang='lat' dir='ltr'><strong>partita</strong></span> <span class='ocrx_word' id='word_1_58' title='bbox 776 1134 832 1197; x_wconf 90' lang='lat' dir='ltr'><strong>per</strong></span> <span class='ocrx_word' id='word_1_59' title='bbox 852 1117 972 1179; x_wconf 86' lang='lat' dir='ltr'><strong>artus.”</strong></span> <span class='ocrx_word' id='word_1_60' title='bbox 1414 1105 1415 1126; x_wconf 58' lang='lat'>¹</span> 
     </span>
    </p>

    <p class='ocr_par' dir='ltr' id='par_1_3' title="bbox 126 1207 1415 2898">
     <span class='ocr_line' id='line_1_8' title="bbox 270 1207 1415 1306; baseline -0.003 -19"><span class='ocrx_word' id='word_1_61' title='bbox 270 1230 311 1300; x_wconf 90' lang='grc'><strong>3,</strong></span> <span class='ocrx_word' id='word_1_62' title='bbox 336 1225 412 1286; x_wconf 80' lang='lat'><strong>723.</strong></span> <span class='ocrx_word' id='word_1_63' title='bbox 459 1213 641 1284; x_wconf 86' lang='lat' dir='ltr'><strong>Persuasum</strong></span> <span class='ocrx_word' id='word_1_64' title='bbox 658 1217 734 1282; x_wconf 89' lang='lat' dir='ltr'><strong>mihi</strong></span> <span class='ocrx_word' id='word_1_65' title='bbox 754 1218 854 1282; x_wconf 88' lang='lat' dir='ltr'><strong>haheo</strong></span> <span class='ocrx_word' id='word_1_66' title='bbox 876 1217 1099 1284; x_wconf 88' lang='lat' dir='ltr'><strong>restituendum</strong></span> <span class='ocrx_word' id='word_1_67' title='bbox 1115 1241 1195 1284; x_wconf 88' lang='lat' dir='ltr'><strong>esse:</strong></span> <span class='ocrx_word' id='word_1_68' title='bbox 1211 1224 1343 1306; x_wconf 70' lang='lat' dir='ltr'><strong>privos</strong></span> <span class='ocrx_word' id='word_1_69' title='bbox 1414 1207 1415 1218; x_wconf 11' lang='grc' dir='ltr'>ἵ</span> 
     </span>
     <span class='ocr_line' id='line_1_9' title="bbox 225 1324 1415 1414; baseline -0.005 -18"><span class='ocrx_word' id='word_1_70' title='bbox 225 1335 265 1396; x_wconf 80' lang='lat' dir='ltr'><strong>io</strong></span> <span class='ocrx_word' id='word_1_71' title='bbox 284 1325 450 1414; x_wconf 79' lang='lat' dir='ltr'><strong>eorpord3</strong></span> <span class='ocrx_word' id='word_1_72' title='bbox 469 1347 559 1402; x_wconf 86' lang='lat' dir='ltr'><strong>nam,</strong></span> <span class='ocrx_word' id='word_1_73' title='bbox 582 1346 663 1409; x_wconf 84' lang='lat' dir='ltr'><strong>quae</strong></span> <span class='ocrx_word' id='word_1_74' title='bbox 683 1324 777 1388; x_wconf 90' lang='lat' dir='ltr'><strong>lectio</strong></span> <span class='ocrx_word' id='word_1_75' title='bbox 799 1333 843 1386; x_wconf 89' lang='lat' dir='ltr'><strong>est</strong></span> <span class='ocrx_word' id='word_1_76' title='bbox 860 1324 1081 1390; x_wconf 89' lang='lat' dir='ltr'><strong>Vossianorum</strong></span> <span class='ocrx_word' id='word_1_77' title='bbox 1097 1325 1202 1408; x_wconf 78' lang='lat' dir='ltr'><strong>privo</strong></span> <span class='ocrx_word' id='word_1_78' title='bbox 1227 1328 1261 1390; x_wconf 80' lang='lat' dir='ltr'><strong>ei</strong></span> <span class='ocrx_word' id='word_1_79' title='bbox 1280 1329 1340 1404; x_wconf 73' lang='lat' dir='ltr'><strong>ia,</strong></span> <span class='ocrx_word' id='word_1_80' title='bbox 1414 1375 1415 1412; x_wconf 75' lang='lat'><strong>,</strong></span> 
     </span>
     <span class='ocr_line' id='line_1_10' title="bbox 225 1425 1343 1515; baseline -0.005 -13"><span class='ocrx_word' id='word_1_81' title='bbox 225 1450 289 1503; x_wconf 89' lang='lat' dir='ltr'><strong>orta</strong></span> <span class='ocrx_word' id='word_1_82' title='bbox 316 1445 359 1499; x_wconf 90' lang='lat' dir='ltr'><strong>est</strong></span> <span class='ocrx_word' id='word_1_83' title='bbox 389 1455 425 1496; x_wconf 84' lang='lat' dir='ltr'><strong>ex</strong></span> <span class='ocrx_word' id='word_1_84' title='bbox 450 1433 630 1515; x_wconf 65' lang='lat' dir='ltr'><strong>pravasia,</strong></span> <span class='ocrx_word' id='word_1_85' title='bbox 659 1429 750 1513; x_wconf 88' lang='lat' dir='ltr'><strong>cujus</strong></span> <span class='ocrx_word' id='word_1_86' title='bbox 785 1425 994 1493; x_wconf 86' lang='lat' dir='ltr'><strong>testimonium</strong></span> <span class='ocrx_word' id='word_1_87' title='bbox 1023 1430 1055 1492; x_wconf 96' lang='lat' dir='ltr'><strong>in</strong></span> <span class='ocrx_word' id='word_1_88' title='bbox 1088 1429 1136 1495; x_wconf 90' lang='lat' dir='ltr'><strong>ed.</strong></span> <span class='ocrx_word' id='word_1_89' title='bbox 1165 1431 1236 1498; x_wconf 87' lang='lat' dir='ltr'><strong>Ver.</strong></span> <span class='ocrx_word' id='word_1_90' title='bbox 1259 1435 1343 1515; x_wconf 79' lang='lat' dir='ltr'><strong>pri-</strong></span> 
     </span>
     <span class='ocr_line' id='line_1_11' title="bbox 224 1535 1343 1623; baseline -0.003 -16"><span class='ocrx_word' id='word_1_91' title='bbox 224 1564 319 1608; x_wconf 73' lang='lat' dir='ltr'><strong>vasse</strong></span> <span class='ocrx_word' id='word_1_92' title='bbox 348 1541 391 1602; x_wconf 78' lang='lat' dir='ltr'><strong>ri.</strong></span> <span class='ocrx_word' id='word_1_93' title='bbox 452 1535 604 1615; x_wconf 72' lang='lat' dir='ltr'><strong>Priene,</strong></span> <span class='ocrx_word' id='word_1_94' title='bbox 638 1535 758 1601; x_wconf 86' lang='lat' dir='ltr'><strong>scilicet</strong></span> <span class='ocrx_word' id='word_1_95' title='bbox 794 1535 930 1609; x_wconf 87' lang='lat' dir='ltr'><strong>animas,</strong></span> <span class='ocrx_word' id='word_1_96' title='bbox 967 1535 1000 1598; x_wconf 92' lang='lat' dir='ltr'><strong>in</strong></span> <span class='ocrx_word' id='word_1_97' title='bbox 1030 1556 1190 1618; x_wconf 79' lang='lat' dir='ltr'><strong>corporo,</strong></span> <span class='ocrx_word' id='word_1_98' title='bbox 1224 1559 1343 1623; x_wconf 84' lang='lat' dir='ltr'><strong>nempe</strong></span> 
     </span>
     <span class='ocr_line' id='line_1_12' title="bbox 224 1641 1415 1728; baseline -0.005 -14"><span class='ocrx_word' id='word_1_99' title='bbox 224 1647 388 1714; x_wconf 80' lang='lat' dir='ltr'><strong>vermium.</strong></span> <span class='ocrx_word' id='word_1_100' title='bbox 436 1642 549 1706; x_wconf 78' lang='lat' dir='ltr'><strong>Prioo</strong></span> <span class='ocrx_word' id='word_1_101' title='bbox 575 1643 680 1719; x_wconf 87' lang='lat' dir='ltr'><strong>enirn,</strong></span> <span class='ocrx_word' id='word_1_102' title='bbox 705 1642 757 1706; x_wconf 73' lang='lat' dir='ltr'><strong>&#39;uti</strong></span> <span class='ocrx_word' id='word_1_103' title='bbox 786 1641 957 1727; x_wconf 83' lang='lat' dir='ltr'><strong>Forhiger,</strong></span> <span class='ocrx_word' id='word_1_104' title='bbox 988 1641 1173 1728; x_wconf 87' lang='lat' dir='ltr'><strong>Preigerum</strong></span> <span class='ocrx_word' id='word_1_105' title='bbox 1194 1655 1340 1719; x_wconf 87' lang='lat' dir='ltr'><strong>secutus,</strong></span> <span class='ocrx_word' id='word_1_106' title='bbox 1414 1655 1415 1678; x_wconf 74' lang='lat'>³</span> 
     </span>
     <span class='ocr_line' id='line_1_13' title="bbox 228 1747 1415 1834; baseline -0.007 -16"><span class='ocrx_word' id='word_1_107' title='bbox 228 1755 340 1832; x_wconf 80' lang='lat' dir='ltr'><strong>edidit,</strong></span> <span class='ocrx_word' id='word_1_108' title='bbox 365 1751 402 1816; x_wconf 86' lang='lat' dir='ltr'><strong>ad</strong></span> <span class='ocrx_word' id='word_1_109' title='bbox 425 1771 567 1834; x_wconf 82' lang='lat' dir='ltr'><strong>corpora</strong></span> <span class='ocrx_word' id='word_1_110' title='bbox 587 1760 740 1824; x_wconf 87' lang='lat' dir='ltr'><strong>tractum,</strong></span> <span class='ocrx_word' id='word_1_111' title='bbox 759 1749 861 1832; x_wconf 91' lang='lat' dir='ltr'><strong>primo</strong></span> <span class='ocrx_word' id='word_1_112' title='bbox 879 1747 1006 1812; x_wconf 88' lang='lat' dir='ltr'><strong>offendit</strong></span> <span class='ocrx_word' id='word_1_113' title='bbox 1025 1759 1153 1832; x_wconf 84' lang='lat' dir='ltr'><strong>propter</strong></span> <span class='ocrx_word' id='word_1_114' title='bbox 1176 1750 1341 1828; x_wconf 89' lang='lat' dir='ltr'><strong>ultimam,</strong></span> <span class='ocrx_word' id='word_1_115' title='bbox 1414 1785 1415 1810; x_wconf 51' lang='lat' dir='ltr'><strong>s</strong></span> 
     </span>
     <span class='ocr_line' id='line_1_14' title="bbox 224 1852 1337 1940; baseline -0.004 -16"><span class='ocrx_word' id='word_1_116' title='bbox 224 1861 371 1935; x_wconf 87' lang='lat' dir='ltr'><strong>brevem,</strong></span> <span class='ocrx_word' id='word_1_117' title='bbox 396 1854 650 1940; x_wconf 87' lang='lat' dir='ltr'><strong>producendam,</strong></span> <span class='ocrx_word' id='word_1_118' title='bbox 676 1852 778 1937; x_wconf 84' lang='lat' dir='ltr'><strong>quod,</strong></span> <span class='ocrx_word' id='word_1_119' title='bbox 808 1853 950 1937; x_wconf 81' lang='lat' dir='ltr'><strong>quamvis</strong></span> <span class='ocrx_word' id='word_1_120' title='bbox 971 1854 1115 1937; x_wconf 87' lang='lat' dir='ltr'><strong>pluribus</strong></span> <span class='ocrx_word' id='word_1_121' title='bbox 1134 1853 1167 1916; x_wconf 90' lang='lat' dir='ltr'><strong>in</strong></span> <span class='ocrx_word' id='word_1_122' title='bbox 1186 1855 1261 1919; x_wconf 90' lang='lat' dir='ltr'><strong>locis</strong></span> <span class='ocrx_word' id='word_1_123' title='bbox 1283 1855 1337 1933; x_wconf 90' lang='lat' dir='ltr'><strong>fit,</strong></span> 
     </span>
     <span class='ocr_line' id='line_1_15' title="bbox 226 1956 1336 2042; baseline -0.004 -12"><span class='ocrx_word' id='word_1_124' title='bbox 226 1988 288 2030; x_wconf 92' lang='lat' dir='ltr'><strong>non</strong></span> <span class='ocrx_word' id='word_1_125' title='bbox 317 1961 417 2027; x_wconf 89' lang='lat' dir='ltr'><strong>studio</strong></span> <span class='ocrx_word' id='word_1_126' title='bbox 439 1961 559 2024; x_wconf 84' lang='lat' dir='ltr'><strong>ridetur</strong></span> <span class='ocrx_word' id='word_1_127' title='bbox 589 1960 622 2023; x_wconf 89' lang='lat' dir='ltr'><strong>in</strong></span> <span class='ocrx_word' id='word_1_128' title='bbox 651 1958 797 2037; x_wconf 85' lang='lat' dir='ltr'><strong>Lucretio</strong></span> <span class='ocrx_word' id='word_1_129' title='bbox 829 1956 1063 2042; x_wconf 67' lang='lat' dir='ltr'><strong>quaerendum</strong></span> <span class='ocrx_word' id='word_1_130' title='bbox 1087 1957 1243 2036; x_wconf 90' lang='lat' dir='ltr'><strong>secundo,</strong></span> <span class='ocrx_word' id='word_1_131' title='bbox 1272 1982 1336 2026; x_wconf 91' lang='lat' dir='ltr'><strong>oon</strong></span> 
     </span>
     <span class='ocr_line' id='line_1_16' title="bbox 126 2055 1336 2157; baseline -0.001 -23"><span class='ocrx_word' id='word_1_132' title='bbox 126 2055 129 2062; x_wconf 38' lang='grc'><strong>“</strong></span> <span class='ocrx_word' id='word_1_133' title='bbox 226 2071 329 2157; x_wconf 87' lang='lat' dir='ltr'><strong>agitur</strong></span> <span class='ocrx_word' id='word_1_134' title='bbox 355 2060 394 2131; x_wconf 81' lang='lat' dir='ltr'><strong>de</strong></span> <span class='ocrx_word' id='word_1_135' title='bbox 422 2066 517 2152; x_wconf 84' lang='lat' dir='ltr'><strong>priris</strong></span> <span class='ocrx_word' id='word_1_136' title='bbox 546 2065 568 2130; x_wconf 89' lang='lat' dir='ltr'><strong>i.</strong></span> <span class='ocrx_word' id='word_1_137' title='bbox 593 2088 620 2130; x_wconf 88' lang='lat' dir='ltr'><strong>e.</strong></span> <span class='ocrx_word' id='word_1_138' title='bbox 646 2064 784 2151; x_wconf 64' lang='lat' dir='ltr'><strong>singulis*</strong></span> <span class='ocrx_word' id='word_1_139' title='bbox 803 2064 985 2148; x_wconf 83' lang='lat' dir='ltr'><strong>corporibus</strong></span> <span class='ocrx_word' id='word_1_140' title='bbox 1008 2063 1060 2128; x_wconf 88' lang='lat' dir='ltr'><strong>sed</strong></span> <span class='ocrx_word' id='word_1_141' title='bbox 1085 2064 1123 2129; x_wconf 91' lang='lat' dir='ltr'><strong>de</strong></span> <span class='ocrx_word' id='word_1_142' title='bbox 1150 2066 1245 2150; x_wconf 86' lang='lat' dir='ltr'><strong>priris</strong></span> <span class='ocrx_word' id='word_1_143' title='bbox 1264 2067 1286 2132; x_wconf 88' lang='lat' dir='ltr'><strong>i.</strong></span> <span class='ocrx_word' id='word_1_144' title='bbox 1306 2088 1336 2133; x_wconf 85' lang='lat' dir='ltr'><strong>e.</strong></span> 
     </span>
     <span class='ocr_line' id='line_1_17' title="bbox 226 2169 1339 2262; baseline -0.004 -22"><span class='ocrx_word' id='word_1_145' title='bbox 226 2175 356 2262; x_wconf 82' lang='lat' dir='ltr'><strong>singulis</strong></span> <span class='ocrx_word' id='word_1_146' title='bbox 384 2172 495 2236; x_wconf 86' lang='lat' dir='ltr'><strong>animis</strong></span> <span class='ocrx_word' id='word_1_147' title='bbox 525 2171 692 2247; x_wconf 82' lang='lat' dir='ltr'><strong>vermium,</strong></span> <span class='ocrx_word' id='word_1_148' title='bbox 722 2169 767 2234; x_wconf 89' lang='lat' dir='ltr'><strong>uti</strong></span> <span class='ocrx_word' id='word_1_149' title='bbox 786 2169 900 2234; x_wconf 79' lang='lat' dir='ltr'><strong>evincit</strong></span> <span class='ocrx_word' id='word_1_150' title='bbox 918 2171 983 2233; x_wconf 81' lang='lat'><strong>724</strong></span> <span class='ocrx_word' id='word_1_151' title='bbox 1010 2191 1028 2231; x_wconf 81' lang='lat' dir='ltr'><strong>o</strong></span> <span class='ocrx_word' id='word_1_152' title='bbox 1042 2192 1099 2234; x_wconf 92' lang='lat' dir='ltr'><strong>our</strong></span> <span class='ocrx_word' id='word_1_153' title='bbox 1121 2172 1219 2236; x_wconf 89' lang='lat' dir='ltr'><strong>millia</strong></span> <span class='ocrx_word' id='word_1_154' title='bbox 1239 2173 1339 2236; x_wconf 87' lang='lat' dir='ltr'><strong>multa</strong></span> 
     </span>
     <span class='ocr_line' id='line_1_18' title="bbox 225 2275 1340 2360; baseline -0.004 -14"><span class='ocrx_word' id='word_1_155' title='bbox 225 2282 399 2347; x_wconf 86' lang='lat' dir='ltr'><strong>animarum</strong></span> <span class='ocrx_word' id='word_1_156' title='bbox 428 2278 657 2356; x_wconf 79' lang='lat' dir='ltr'><strong>oonrenian1;&#39;’</strong></span> <span class='ocrx_word' id='word_1_157' title='bbox 693 2275 850 2360; x_wconf 81' lang='lat' dir='ltr'><strong>denique,</strong></span> <span class='ocrx_word' id='word_1_158' title='bbox 888 2275 922 2336; x_wconf 72' lang='lat' dir='ltr'><strong>ai</strong></span> <span class='ocrx_word' id='word_1_159' title='bbox 955 2276 1120 2360; x_wconf 88' lang='lat' dir='ltr'><strong>repetitum</strong></span> <span class='ocrx_word' id='word_1_160' title='bbox 1159 2278 1252 2360; x_wconf 85' lang='lat' dir='ltr'><strong>plane</strong></span> <span class='ocrx_word' id='word_1_161' title='bbox 1293 2288 1340 2341; x_wconf 87' lang='lat' dir='ltr'><strong>est</strong></span> 
     </span>
     <span class='ocr_line' id='line_1_19' title="bbox 228 2380 1337 2464; baseline -0.005 -12"><span class='ocrx_word' id='word_1_162' title='bbox 228 2389 380 2462; x_wconf 88' lang='lat' dir='ltr'><strong>otiosum,</strong></span> <span class='ocrx_word' id='word_1_163' title='bbox 412 2385 529 2448; x_wconf 89' lang='lat' dir='ltr'><strong>nullam</strong></span> <span class='ocrx_word' id='word_1_164' title='bbox 560 2382 654 2447; x_wconf 91' lang='lat' dir='ltr'><strong>hahet</strong></span> <span class='ocrx_word' id='word_1_165' title='bbox 681 2382 762 2457; x_wconf 85' lang='lat' dir='ltr'><strong>rim,</strong></span> <span class='ocrx_word' id='word_1_166' title='bbox 794 2403 866 2446; x_wconf 82' lang='lat' dir='ltr'><strong>nam</strong></span> <span class='ocrx_word' id='word_1_167' title='bbox 895 2392 927 2443; x_wconf 81' lang='lat' dir='ltr'><strong>et</strong></span> <span class='ocrx_word' id='word_1_168' title='bbox 944 2384 1052 2464; x_wconf 78' lang='lat' dir='ltr'><strong>privo</strong></span> <span class='ocrx_word' id='word_1_169' title='bbox 1068 2415 1106 2432; x_wconf 86' lang='lat'><strong>··-</strong></span> <span class='ocrx_word' id='word_1_170' title='bbox 1122 2380 1236 2445; x_wconf 75' lang='lat' dir='ltr'><strong>orodis</strong></span> <span class='ocrx_word' id='word_1_171' title='bbox 1260 2404 1337 2448; x_wconf 92' lang='lat' dir='ltr'><strong>con·</strong></span> 
     </span>
     <span class='ocr_line' id='line_1_20' title="bbox 229 2487 1338 2574; baseline -0.005 -15"><span class='ocrx_word' id='word_1_172' title='bbox 229 2495 328 2560; x_wconf 89' lang='lat' dir='ltr'><strong>tinent</strong></span> <span class='ocrx_word' id='word_1_173' title='bbox 360 2489 576 2570; x_wconf 86' lang='lat' dir='ltr'><strong>tantummodo</strong></span> <span class='ocrx_word' id='word_1_174' title='bbox 615 2489 797 2574; x_wconf 86' lang='lat' dir='ltr'><strong>ampliorem</strong></span> <span class='ocrx_word' id='word_1_175' title='bbox 831 2487 1070 2572; x_wconf 73' lang='lat' dir='ltr'><strong>descriptionem</strong></span> <span class='ocrx_word' id='word_1_176' title='bbox 1109 2511 1217 2553; x_wconf 86' lang='lat' dir='ltr'><strong>eorum</strong></span> <span class='ocrx_word' id='word_1_177' title='bbox 1255 2509 1338 2573; x_wconf 88' lang='lat' dir='ltr'><strong>quae</strong></span> 
     </span>
     <span class='ocr_line' id='line_1_21' title="bbox 226 2593 1337 2679; baseline -0.006 -13"><span class='ocrx_word' id='word_1_178' title='bbox 226 2599 425 2665; x_wconf 85' lang='lat' dir='ltr'><strong>antecedunt.</strong></span> <span class='ocrx_word' id='word_1_179' title='bbox 472 2597 583 2679; x_wconf 89' lang='lat' dir='ltr'><strong>Itaque</strong></span> <span class='ocrx_word' id='word_1_180' title='bbox 614 2596 782 2659; x_wconf 84' lang='lat' dir='ltr'><strong>semicolon</strong></span> <span class='ocrx_word' id='word_1_181' title='bbox 812 2605 881 2679; x_wconf 87' lang='lat' dir='ltr'><strong>post</strong></span> <span class='ocrx_word' id='word_1_182' title='bbox 911 2593 1025 2658; x_wconf 75' lang='lat' dir='ltr'><strong>orodis</strong></span> <span class='ocrx_word' id='word_1_183' title='bbox 1057 2597 1122 2657; x_wconf 84' lang='lat'><strong>724</strong></span> <span class='ocrx_word' id='word_1_184' title='bbox 1152 2595 1187 2658; x_wconf 92' lang='lat' dir='ltr'><strong>in</strong></span> <span class='ocrx_word' id='word_1_185' title='bbox 1214 2615 1337 2659; x_wconf 86' lang='lat' dir='ltr'><strong>comma</strong></span> 
     </span>
     <span class='ocr_line' id='line_1_22' title="bbox 227 2700 1338 2785; baseline -0.005 -15"><span class='ocrx_word' id='word_1_186' title='bbox 227 2717 273 2770; x_wconf 89' lang='lat' dir='ltr'><strong>est</strong></span> <span class='ocrx_word' id='word_1_187' title='bbox 302 2701 508 2779; x_wconf 81' lang='lat' dir='ltr'><strong>mutandum3</strong></span> <span class='ocrx_word' id='word_1_188' title='bbox 546 2701 735 2765; x_wconf 84' lang='lat' dir='ltr'><strong>constructio</strong></span> <span class='ocrx_word' id='word_1_189' title='bbox 772 2701 871 2764; x_wconf 89' lang='lat' dir='ltr'><strong>enim:</strong></span> <span class='ocrx_word' id='word_1_190' title='bbox 909 2702 934 2764; x_wconf 89' lang='lat' dir='ltr'><strong>si</strong></span> <span class='ocrx_word' id='word_1_191' title='bbox 971 2700 1086 2778; x_wconf 89' lang='lat' dir='ltr'><strong>credis,</strong></span> <span class='ocrx_word' id='word_1_192' title='bbox 1119 2722 1178 2764; x_wconf 89' lang='lat' dir='ltr'><strong>neo</strong></span> <span class='ocrx_word' id='word_1_193' title='bbox 1215 2711 1338 2785; x_wconf 88' lang='lat' dir='ltr'><strong>reputas</strong></span> 
     </span>
     <span class='ocr_line' id='line_1_23' title="bbox 227 2805 887 2898; baseline -0.003 -23"><span class='ocrx_word' id='word_1_194' title='bbox 227 2809 273 2898; x_wconf 89' lang='lat' dir='ltr'><strong>(et</strong></span> <span class='ocrx_word' id='word_1_195' title='bbox 302 2810 325 2874; x_wconf 91' lang='lat' dir='ltr'><strong>si</strong></span> <span class='ocrx_word' id='word_1_196' title='bbox 354 2831 417 2872; x_wconf 90' lang='lat' dir='ltr'><strong>non</strong></span> <span class='ocrx_word' id='word_1_197' title='bbox 448 2805 600 2892; x_wconf 63' lang='lat' dir='ltr'><strong>reputed:</strong></span> <span class='ocrx_word' id='word_1_198' title='bbox 630 2807 689 2871; x_wconf 87' lang='lat' dir='ltr'><strong>hoe</strong></span> <span class='ocrx_word' id='word_1_199' title='bbox 711 2819 813 2871; x_wconf 86' lang='lat' dir='ltr'><strong>tamen</strong></span> <span class='ocrx_word' id='word_1_200' title='bbox 833 2847 887 2873; x_wconf 89' lang='grc'><strong>-.</strong></span> 
     </span>
    </p>

    <p class='ocr_par' dir='ltr' id='par_1_4' title="bbox 224 2912 1337 3421">
     <span class='ocr_line' id='line_1_24' title="bbox 271 2912 1336 2998; baseline -0.007 -16"><span class='ocrx_word' id='word_1_201' title='bbox 271 2916 414 2982; x_wconf 83' lang='lat' dir='ltr'><strong>Ceterum</strong></span> <span class='ocrx_word' id='word_1_202' title='bbox 437 2913 549 2978; x_wconf 91' lang='lat' dir='ltr'><strong>comici</strong></span> <span class='ocrx_word' id='word_1_203' title='bbox 574 2913 651 2998; x_wconf 89' lang='lat' dir='ltr'><strong>qnid</strong></span> <span class='ocrx_word' id='word_1_204' title='bbox 678 2912 771 2978; x_wconf 85' lang='lat' dir='ltr'><strong>hahet</strong></span> <span class='ocrx_word' id='word_1_205' title='bbox 793 2913 910 2978; x_wconf 78' lang='lat' dir='ltr'><strong>haecce</strong></span> <span class='ocrx_word' id='word_1_206' title='bbox 928 2913 1194 2977; x_wconf 79' lang='lat' dir='ltr'><strong>dissertatiuncula</strong></span> <span class='ocrx_word' id='word_1_207' title='bbox 1214 2912 1254 2976; x_wconf 91' lang='lat' dir='ltr'><strong>de</strong></span> <span class='ocrx_word' id='word_1_208' title='bbox 1270 2914 1336 2976; x_wconf 85' lang='lat' dir='ltr'><strong>ani·</strong></span> 
     </span>
     <span class='ocr_line' id='line_1_25' title="bbox 225 3018 1337 3106; baseline -0.004 -19"><span class='ocrx_word' id='word_1_209' title='bbox 225 3021 317 3087; x_wconf 89' lang='lat' dir='ltr'><strong>mulis</strong></span> <span class='ocrx_word' id='word_1_210' title='bbox 338 3020 455 3106; x_wconf 82' lang='lat' dir='ltr'><strong>regulis</strong></span> <span class='ocrx_word' id='word_1_211' title='bbox 469 3067 477 3095; x_wconf 94' lang='lat'><strong>,</strong></span> <span class='ocrx_word' id='word_1_212' title='bbox 493 3018 648 3083; x_wconf 87' lang='lat' dir='ltr'><strong>blandulis</strong></span> <span class='ocrx_word' id='word_1_213' title='bbox 670 3020 930 3096; x_wconf 77' lang='lat' dir='ltr'><strong>vermiculorum,</strong></span> <span class='ocrx_word' id='word_1_214' title='bbox 957 3040 1081 3104; x_wconf 90' lang='lat' dir='ltr'><strong>neque,</strong></span> <span class='ocrx_word' id='word_1_215' title='bbox 1108 3019 1143 3083; x_wconf 87' lang='lat' dir='ltr'><strong>ni</strong></span> <span class='ocrx_word' id='word_1_216' title='bbox 1159 3018 1243 3102; x_wconf 90' lang='lat' dir='ltr'><strong>justo</strong></span> <span class='ocrx_word' id='word_1_217' title='bbox 1263 3039 1337 3102; x_wconf 92' lang='lat' dir='ltr'><strong>pro·</strong></span> 
     </span>
     <span class='ocr_line' id='line_1_26' title="bbox 226 3124 1333 3212; baseline -0.001 -22"><span class='ocrx_word' id='word_1_218' title='bbox 226 3128 313 3212; x_wconf 88' lang='lat' dir='ltr'><strong>prius</strong></span> <span class='ocrx_word' id='word_1_219' title='bbox 339 3125 467 3189; x_wconf 88' lang='lat' dir='ltr'><strong>accedas</strong></span> <span class='ocrx_word' id='word_1_220' title='bbox 495 3135 590 3210; x_wconf 86' lang='lat' dir='ltr'><strong>atque</strong></span> <span class='ocrx_word' id='word_1_221' title='bbox 615 3124 647 3187; x_wconf 91' lang='lat' dir='ltr'><strong>in</strong></span> <span class='ocrx_word' id='word_1_222' title='bbox 671 3147 703 3188; x_wconf 92' lang='lat' dir='ltr'><strong>re</strong></span> <span class='ocrx_word' id='word_1_223' title='bbox 731 3147 786 3210; x_wconf 89' lang='lat' dir='ltr'><strong>per</strong></span> <span class='ocrx_word' id='word_1_224' title='bbox 812 3147 844 3188; x_wconf 89' lang='lat' dir='ltr'><strong>se</strong></span> <span class='ocrx_word' id='word_1_225' title='bbox 869 3125 976 3208; x_wconf 87' lang='lat' dir='ltr'><strong>putida</strong></span> <span class='ocrx_word' id='word_1_226' title='bbox 1004 3125 1233 3208; x_wconf 86' lang='lat' dir='ltr'><strong>microsoopum</strong></span> <span class='ocrx_word' id='word_1_227' title='bbox 1262 3147 1333 3189; x_wconf 87' lang='lat' dir='ltr'><strong>ana·</strong></span> 
     </span>
     <span class='ocr_line' id='line_1_27' title="bbox 224 3229 1335 3318; baseline -0.004 -22"><span class='ocrx_word' id='word_1_228' title='bbox 224 3234 321 3318; x_wconf 76' lang='lat' dir='ltr'><strong>lyseos</strong></span> <span class='ocrx_word' id='word_1_229' title='bbox 352 3229 514 3305; x_wconf 87' lang='lat' dir='ltr'><strong>adhibeas,</strong></span> <span class='ocrx_word' id='word_1_230' title='bbox 553 3231 685 3294; x_wconf 83' lang='lat' dir='ltr'><strong>insuavis</strong></span> <span class='ocrx_word' id='word_1_231' title='bbox 722 3232 820 3294; x_wconf 91' lang='lat' dir='ltr'><strong>menti</strong></span> <span class='ocrx_word' id='word_1_232' title='bbox 860 3231 974 3296; x_wconf 87' lang='lat' dir='ltr'><strong>accidit</strong></span> <span class='ocrx_word' id='word_1_233' title='bbox 1009 3231 1231 3316; x_wconf 89' lang='lat' dir='ltr'><strong>contemplatio</strong></span> <span class='ocrx_word' id='word_1_234' title='bbox 1270 3231 1335 3294; x_wconf 84' lang='lat' dir='ltr'><strong>ani·</strong></span> 
     </span>
     <span class='ocr_line' id='line_1_28' title="bbox 225 3335 1291 3421; baseline 0.002 -20"><span class='ocrx_word' id='word_1_235' title='bbox 225 3337 448 3410; x_wconf 86' lang='lat' dir='ltr'><strong>malculorum,</strong></span> <span class='ocrx_word' id='word_1_236' title='bbox 478 3335 578 3398; x_wconf 89' lang='lat' dir='ltr'><strong>almae</strong></span> <span class='ocrx_word' id='word_1_237' title='bbox 598 3347 725 3399; x_wconf 90' lang='lat' dir='ltr'><strong>naturae</strong></span> <span class='ocrx_word' id='word_1_238' title='bbox 756 3337 845 3421; x_wconf 84' lang='lat' dir='ltr'><strong>lege,</strong></span> <span class='ocrx_word' id='word_1_239' title='bbox 871 3337 939 3400; x_wconf 86' lang='lat' dir='ltr'><strong>viro</strong></span> <span class='ocrx_word' id='word_1_240' title='bbox 962 3337 1072 3420; x_wconf 92' lang='lat' dir='ltr'><strong>spiritu</strong></span> <span class='ocrx_word' id='word_1_241' title='bbox 1096 3336 1291 3403; x_wconf 86' lang='lat' dir='ltr'><strong>donatorum.</strong></span> 
     </span>
    </p>

    <p class='ocr_par' dir='ltr' id='par_1_5' title="bbox 139 3416 1338 4576">
     <span class='ocr_line' id='line_1_29' title="bbox 271 3416 1334 3525; baseline -0.001 -22"><span class='ocrx_word' id='word_1_242' title='bbox 271 3445 310 3517; x_wconf 88' lang='lat'><strong>3,</strong></span> <span class='ocrx_word' id='word_1_243' title='bbox 334 3443 410 3506; x_wconf 81' lang='lat'><strong>733.</strong></span> <span class='ocrx_word' id='word_1_244' title='bbox 428 3416 441 3436; x_wconf 64' lang='lat'><em>⁰</em></span> <span class='ocrx_word' id='word_1_245' title='bbox 458 3440 585 3504; x_wconf 82' lang='lat' dir='ltr'><strong>Minime</strong></span> <span class='ocrx_word' id='word_1_246' title='bbox 612 3463 681 3506; x_wconf 81' lang='lat' dir='ltr'><strong>vera</strong></span> <span class='ocrx_word' id='word_1_247' title='bbox 717 3453 762 3505; x_wconf 89' lang='lat' dir='ltr'><strong>est</strong></span> <span class='ocrx_word' id='word_1_248' title='bbox 799 3442 939 3506; x_wconf 78' lang='lat' dir='ltr'><strong>Lambini</strong></span> <span class='ocrx_word' id='word_1_249' title='bbox 970 3441 1193 3506; x_wconf 78' lang='lat' dir='ltr'><strong>emendationis</strong></span> <span class='ocrx_word' id='word_1_250' title='bbox 1225 3439 1334 3525; x_wconf 73' lang='lat' dir='ltr'><strong>odfim</strong></span> 
     </span>
     <span class='ocr_line' id='line_1_30' title="bbox 225 3545 1334 3632; baseline -0.002 -20"><span class='ocrx_word' id='word_1_251' title='bbox 225 3545 444 3632; x_wconf 86' lang='lat' dir='ltr'><strong>reprehensio,</strong></span> <span class='ocrx_word' id='word_1_252' title='bbox 473 3567 567 3631; x_wconf 87' lang='lat' dir='ltr'><strong>quam</strong></span> <span class='ocrx_word' id='word_1_253' title='bbox 586 3545 735 3631; x_wconf 86' lang='lat' dir='ltr'><strong>Forbiger</strong></span> <span class='ocrx_word' id='word_1_254' title='bbox 762 3567 780 3608; x_wconf 90' lang='lat'>»</span> <span class='ocrx_word' id='word_1_255' title='bbox 794 3547 906 3611; x_wconf 90' lang='lat' dir='ltr'><strong>idoneo</strong></span> <span class='ocrx_word' id='word_1_256' title='bbox 934 3570 1024 3612; x_wconf 88' lang='lat' dir='ltr'><strong>sensu</strong></span> <span class='ocrx_word' id='word_1_257' title='bbox 1045 3548 1246 3612; x_wconf 88' lang='lat' dir='ltr'><strong>destitutam”</strong></span> <span class='ocrx_word' id='word_1_258' title='bbox 1264 3547 1334 3610; x_wconf 88' lang='lat' dir='ltr'><strong>satis</strong></span> 
     </span>
     <span class='ocr_line' id='line_1_31' title="bbox 224 3651 1335 3739; baseline -0.002 -22"><span class='ocrx_word' id='word_1_259' title='bbox 224 3651 371 3718; x_wconf 83' lang='lat' dir='ltr'><strong>audacter</strong></span> <span class='ocrx_word' id='word_1_260' title='bbox 403 3651 577 3735; x_wconf 88' lang='lat' dir='ltr'><strong>proscribit.</strong></span> <span class='ocrx_word' id='word_1_261' title='bbox 625 3651 704 3714; x_wconf 87' lang='lat' dir='ltr'><strong>Satis</strong></span> <span class='ocrx_word' id='word_1_262' title='bbox 733 3663 810 3716; x_wconf 87' lang='lat' dir='ltr'><strong>esset</strong></span> <span class='ocrx_word' id='word_1_263' title='bbox 850 3653 890 3717; x_wconf 89' lang='lat' dir='ltr'><strong>ad</strong></span> <span class='ocrx_word' id='word_1_264' title='bbox 928 3654 1121 3738; x_wconf 88' lang='lat' dir='ltr'><strong>perspicuam</strong></span> <span class='ocrx_word' id='word_1_265' title='bbox 1151 3655 1335 3739; x_wconf 85' lang='lat' dir='ltr'><strong>plenamque</strong></span> 
     </span>
     <span class='ocr_line' id='line_1_32' title="bbox 224 3757 1332 3846; baseline 0.001 -25"><span class='ocrx_word' id='word_1_266' title='bbox 224 3758 365 3823; x_wconf 88' lang='lat' dir='ltr'><strong>Lambini</strong></span> <span class='ocrx_word' id='word_1_267' title='bbox 396 3757 627 3821; x_wconf 86' lang='lat' dir='ltr'><strong>annotationem</strong></span> <span class='ocrx_word' id='word_1_268' title='bbox 654 3779 839 3842; x_wconf 80' lang='lat' dir='ltr'><strong>provocare,</strong></span> <span class='ocrx_word' id='word_1_269' title='bbox 871 3759 948 3836; x_wconf 88' lang='lat' dir='ltr'><strong>nisi,</strong></span> <span class='ocrx_word' id='word_1_270' title='bbox 979 3782 1076 3846; x_wconf 91' lang='lat' dir='ltr'><strong>quum</strong></span> <span class='ocrx_word' id='word_1_271' title='bbox 1104 3759 1225 3843; x_wconf 86' lang='lat' dir='ltr'><strong>etipse</strong></span> <span class='ocrx_word' id='word_1_272' title='bbox 1254 3759 1332 3822; x_wconf 79' lang='lat' dir='ltr'><strong>For·</strong></span> 
     </span>
     <span class='ocr_line' id='line_1_33' title="bbox 139 3861 1333 3952; baseline -0.003 -24"><span class='ocrx_word' id='word_1_273' title='bbox 139 3878 148 3885; x_wconf 85' lang='lat'>&#39;</span> <span class='ocrx_word' id='word_1_274' title='bbox 223 3864 312 3950; x_wconf 85' lang='lat' dir='ltr'><strong>higer</strong></span> <span class='ocrx_word' id='word_1_275' title='bbox 352 3861 553 3926; x_wconf 90' lang='lat' dir='ltr'><strong>nihilominus</strong></span> <span class='ocrx_word' id='word_1_276' title='bbox 590 3865 757 3952; x_wconf 71' lang='lat' dir='ltr'><strong>erraverit,</strong></span> <span class='ocrx_word' id='word_1_277' title='bbox 796 3865 1001 3929; x_wconf 88' lang='lat' dir='ltr'><strong>metuendum</strong></span> <span class='ocrx_word' id='word_1_278' title='bbox 1037 3876 1133 3940; x_wconf 90' lang='lat' dir='ltr'><strong>esset,</strong></span> <span class='ocrx_word' id='word_1_279' title='bbox 1173 3883 1214 3927; x_wconf 91' lang='lat' dir='ltr'><strong>oe</strong></span> <span class='ocrx_word' id='word_1_280' title='bbox 1245 3864 1333 3926; x_wconf 90' lang='lat' dir='ltr'><strong>etiarn</strong></span> 
     </span>
     <span class='ocr_line' id='line_1_34' title="bbox 224 3957 1331 4055; baseline -0.002 -23"><span class='ocrx_word' id='word_1_281' title='bbox 224 3970 277 4032; x_wconf 84' lang='lat' dir='ltr'><strong>alii</strong></span> <span class='ocrx_word' id='word_1_282' title='bbox 315 3968 444 4033; x_wconf 87' lang='lat' dir='ltr'><strong>lectores</strong></span> <span class='ocrx_word' id='word_1_283' title='bbox 474 3980 528 4031; x_wconf 87' lang='lat' dir='ltr'><strong>aut</strong></span> <span class='ocrx_word' id='word_1_284' title='bbox 564 3968 706 4032; x_wconf 88' lang='lat' dir='ltr'><strong>Lambini</strong></span> <span class='ocrx_word' id='word_1_285' title='bbox 727 3957 981 4052; x_wconf 76' lang='lat' dir='ltr'><strong>&#39;disputationem</strong></span> <span class='ocrx_word' id='word_1_286' title='bbox 1012 3970 1230 4055; x_wconf 83' lang='lat' dir='ltr'><strong>negligerent,</strong></span> <span class='ocrx_word' id='word_1_287' title='bbox 1260 3977 1331 4046; x_wconf 85' lang='lat' dir='ltr'><strong>aut,</strong></span> 
     </span>
     <span class='ocr_line' id='line_1_35' title="bbox 222 4073 1332 4160; baseline 0 -24"><span class='ocrx_word' id='word_1_288' title='bbox 222 4073 299 4138; x_wconf 87' lang='lat' dir='ltr'><strong>licet</strong></span> <span class='ocrx_word' id='word_1_289' title='bbox 320 4093 383 4136; x_wconf 95' lang='lat' dir='ltr'><strong>non</strong></span> <span class='ocrx_word' id='word_1_290' title='bbox 410 4073 448 4136; x_wconf 92' lang='lat' dir='ltr'><strong>sit</strong></span> <span class='ocrx_word' id='word_1_291' title='bbox 466 4074 647 4157; x_wconf 88' lang='lat' dir='ltr'><strong>probabile,</strong></span> <span class='ocrx_word' id='word_1_292' title='bbox 665 4075 885 4160; x_wconf 76' lang='lat' dir='ltr'><strong>improbarent.</strong></span> <span class='ocrx_word' id='word_1_293' title='bbox 933 4077 1021 4140; x_wconf 87' lang='lat' dir='ltr'><strong>Hane</strong></span> <span class='ocrx_word' id='word_1_294' title='bbox 1047 4075 1086 4139; x_wconf 94' lang='lat' dir='ltr'><strong>ob</strong></span> <span class='ocrx_word' id='word_1_295' title='bbox 1104 4097 1170 4139; x_wconf 89' lang='lat' dir='ltr'><strong>rem</strong></span> <span class='ocrx_word' id='word_1_296' title='bbox 1193 4074 1332 4139; x_wconf 85' lang='lat' dir='ltr'><strong>brevibus</strong></span> 
     </span>
     <span class='ocr_line' id='line_1_36' title="bbox 222 4177 1333 4272; baseline -0.002 -29"><span class='ocrx_word' id='word_1_297' title='bbox 222 4177 373 4243; x_wconf 88' lang='lat' dir='ltr'><strong>Lambino</strong></span> <span class='ocrx_word' id='word_1_298' title='bbox 397 4199 487 4240; x_wconf 90' lang='lat' dir='ltr'><strong>suum</strong></span> <span class='ocrx_word' id='word_1_299' title='bbox 509 4177 566 4242; x_wconf 90' lang='lat' dir='ltr'><strong>sihi</strong></span> <span class='ocrx_word' id='word_1_300' title='bbox 593 4178 742 4272; x_wconf 17' lang='lat' dir='ltr'><strong>debitum]</strong></span> <span class='ocrx_word' id='word_1_301' title='bbox 759 4180 910 4245; x_wconf 89' lang='lat' dir='ltr'><strong>honorem</strong></span> <span class='ocrx_word' id='word_1_302' title='bbox 941 4181 1101 4245; x_wconf 88' lang='lat' dir='ltr'><strong>restituere</strong></span> <span class='ocrx_word' id='word_1_303' title='bbox 1120 4180 1208 4245; x_wconf 87' lang='lat' dir='ltr'><strong>libet.</strong></span> <span class='ocrx_word' id='word_1_304' title='bbox 1258 4180 1333 4246; x_wconf 83' lang='lat' dir='ltr'><strong>Vos·</strong></span> 
     </span>
     <span class='ocr_line' id='line_1_37' title="bbox 221 4282 1334 4369; baseline 0 -21"><span class='ocrx_word' id='word_1_305' title='bbox 221 4284 299 4348; x_wconf 85' lang='lat' dir='ltr'><strong>siani</strong></span> <span class='ocrx_word' id='word_1_306' title='bbox 326 4282 453 4367; x_wconf 89' lang='lat' dir='ltr'><strong>quidem</strong></span> <span class='ocrx_word' id='word_1_307' title='bbox 480 4286 637 4348; x_wconf 88' lang='lat' dir='ltr'><strong>referunt:</strong></span> <span class='ocrx_word' id='word_1_308' title='bbox 673 4297 704 4346; x_wconf 86' lang='lat' dir='ltr'><strong>et</strong></span> <span class='ocrx_word' id='word_1_309' title='bbox 722 4285 817 4369; x_wconf 74' lang='lat' dir='ltr'><strong>fios,</strong></span> <span class='ocrx_word' id='word_1_310' title='bbox 851 4285 903 4350; x_wconf 90' lang='lat' dir='ltr'><strong>sed</strong></span> <span class='ocrx_word' id='word_1_311' title='bbox 932 4285 1073 4350; x_wconf 76' lang='lat' dir='ltr'><strong>lambini</strong></span> <span class='ocrx_word' id='word_1_312' title='bbox 1100 4285 1239 4360; x_wconf 89' lang='lat' dir='ltr'><strong>codices,</strong></span> <span class='ocrx_word' id='word_1_313' title='bbox 1270 4283 1334 4368; x_wconf 88' lang='lat' dir='ltr'><strong>ipso</strong></span> 
     </span>
     <span class='ocr_line' id='line_1_38' title="bbox 220 4386 1332 4476; baseline 0 -23"><span class='ocrx_word' id='word_1_314' title='bbox 220 4398 371 4463; x_wconf 88' lang='lat' dir='ltr'><strong>testante,</strong></span> <span class='ocrx_word' id='word_1_315' title='bbox 414 4386 599 4452; x_wconf 81' lang='lat' dir='ltr'><strong>exhibebant</strong></span> <span class='ocrx_word' id='word_1_316' title='bbox 640 4409 680 4450; x_wconf 86' lang='lat' dir='ltr'><strong>oc</strong></span> <span class='ocrx_word' id='word_1_317' title='bbox 703 4390 801 4475; x_wconf 78' lang='lat' dir='ltr'><strong>fine,</strong></span> <span class='ocrx_word' id='word_1_318' title='bbox 840 4413 921 4457; x_wconf 89' lang='lat' dir='ltr'><strong>unus</strong></span> <span class='ocrx_word' id='word_1_319' title='bbox 946 4391 1156 4456; x_wconf 73' lang='lat' dir='ltr'><strong>bertinianus</strong></span> <span class='ocrx_word' id='word_1_320' title='bbox 1189 4401 1226 4454; x_wconf 86' lang='lat' dir='ltr'><strong>ot</strong></span> <span class='ocrx_word' id='word_1_321' title='bbox 1250 4389 1332 4476; x_wconf 69' lang='lat' dir='ltr'><strong>fiaes</strong></span> 
     </span>
     <span class='ocr_line' id='line_1_39' title="bbox 219 4492 1338 4576; baseline 0.004 -19"><span class='ocrx_word' id='word_1_322' title='bbox 219 4493 301 4558; x_wconf 88' lang='lat' dir='ltr'><strong>Hinc</strong></span> <span class='ocrx_word' id='word_1_323' title='bbox 330 4493 396 4575; x_wconf 85' lang='lat' dir='ltr'><strong>jam</strong></span> <span class='ocrx_word' id='word_1_324' title='bbox 417 4503 501 4576; x_wconf 88' lang='lat' dir='ltr'><strong>patet</strong></span> <span class='ocrx_word' id='word_1_325' title='bbox 532 4492 642 4576; x_wconf 62' lang='lat' dir='ltr'><strong>delfino</strong></span> <span class='ocrx_word' id='word_1_326' title='bbox 668 4517 730 4562; x_wconf 88' lang='lat' dir='ltr'><strong>non</strong></span> <span class='ocrx_word' id='word_1_327' title='bbox 759 4497 863 4563; x_wconf 89' lang='lat' dir='ltr'><strong>minus</strong></span> <span class='ocrx_word' id='word_1_328' title='bbox 891 4497 1036 4563; x_wconf 90' lang='lat' dir='ltr'><strong>codicum</strong></span> <span class='ocrx_word' id='word_1_329' title='bbox 1057 4498 1240 4563; x_wconf 86' lang='lat' dir='ltr'><strong>auctoritate</strong></span> <span class='ocrx_word' id='word_1_330' title='bbox 1261 4496 1338 4562; x_wconf 76' lang='lat' dir='ltr'><strong>nit·</strong></span> 
     </span>
    </p>
   </div>
   <div class='ocr_carea' id='block_1_3' title="bbox 0 0 1442 5048">
    <p class='ocr_par' dir='ltr' id='par_1_6' title="bbox 0 0 1442 5048">
     <span class='ocr_line' id='line_1_40' title="bbox 0 0 1442 5048; baseline 0 2"><span class='ocrx_word' id='word_1_331' title='bbox 0 0 1442 5048; x_wconf 95' lang='lat' dir='ltr'><strong> </strong></span> 
     </span>
    </p>
   </div>
  </div>
 </body>
</html>
