2874 5048
759 321 855 402 oo'

231 540 407 624 corruptela
436 536 538 600 ultimi
566 532 728 608 vocabuli,
762 529 965 615 probabiliter
992 531 1070 594 mibi
1097 531 1266 617 legendum
1294 534 1348 598 ri-

230 645 341 709 detur:
378 665 418 707 cc
453 651 524 704 toto
558 639 647 703 solvi
669 637 709 701 de
732 657 869 722 corporo
890 637 1011 712 neroi3
1043 637 1069 700 si
1097 647 1205 702 contra
1234 659 1349 703 corru—
1404 663 1406 682 ⁴

204 749 370 837 ptionem
396 750 493 812 latere
517 757 608 832 putes
635 746 670 808 io
698 744 829 819 omnia,
862 740 1014 806 membro
1050 741 1173 826 adjecto
1196 765 1233 808 ex
1258 748 1347 823 595,
1406 770 1407 854 p

229 855 378 941 legerim:
404 876 443 916 uo
468 862 537 915 toto
560 851 649 914 eoloi
671 849 710 912 de
733 870 871 932 corpore
889 869 1020 911 momen
1035 849 1057 915 i.
1076 871 1104 916 e.
1123 859 1247 914 motus.
1283 850 1347 916 Sed

230 959 299 1044 quis
321 959 479 1023 veritatem
500 958 535 1021 in
562 980 595 1021 re
616 957 741 1021 incerta
762 955 902 1020 divinare
924 954 1084 1041 potuerit?

277 1068 317 1141 3,
347 1065 510 1131 cst-33.
569 1061 810 1147 Harercampius
847 1060 967 1146 liquido
1000 1060 1133 1127 affirmat
1162 1062 1347 1128 Lucretium
1408 1156 1409 1170 χ

230 1170 399 1255 scripsisse:

279 1304 329 1368 A:
353 1327 456 1391 neque
478 1326 629 1369 seorsum
648 1305 753 1380 oculi,
776 1325 880 1390 nequo
900 1289 1002 1366 nores
1024 1324 1083 1366 nec
1100 1325 1223 1366 munus
1242 1306 1321 1389 ipsa

276 1410 365 1474 Erae
382 1421 518 1497 potest,-
541 1413 679 1473 animae
701 1432 804 1496 neque
826 1431 978 1473 sacreum
999 1409 1143 1496 lingua,
1167 1432 1224 1474 nec
1243 1413 1347 1476 aurio

279 1515 416 1578 Audito
432 1537 497 1601 per
518 1537 552 1578 ea
569 1526 717 1599 possunt
740 1517 992 1601 sentiremque
1013 1537 1091 1579 esee.

276 1694 446 1761 subridere
463 1705 567 1758 autem
585 1693 687 1770 subit,
709 1691 866 1778 quomodo
887 1692 1043 1777 superbiat
1061 1693 1095 1756 in
1114 1691 1172 1759 hac
1189 1695 1344 1774 lectione,

231 1802 306 1886 qui,
328 1802 497 1864 neminem
520 1797 691 1862 editorum
713 1800 803 1861 sutis
826 1799 999 1862 oculatum
1025 1799 1251 1890 pronuntians,
1278 1801 1348 1886 ipse

230 1929 294 1973 noo
325 1906 454 1984 viderit,
488 1928 521 1970 se
550 1906 592 1968 ita
618 1906 760 1990 quinque
789 1925 935 1969 sensuum
963 1904 1169 1969 instrumenta
1203 1903 1345 1993 (oculos,

232 2035 342 2089 nares,
371 2033 502 2086 manus,
531 2011 691 2096 linguam,
724 2006 849 2096 aures),
886 2009 1052 2099 diligenter
1078 2010 1228 2088 collecta,
1259 2034 1277 2076 a
1311 2034 1347 2076 se

233 2117 399 2192 divellere,
430 2136 553 2199 neque,
582 2115 666 2199 quod
686 2113 806 2198 majus,
839 2097 997 2179 sefacere
1026 2113 1151 2203 lingua
1175 2116 1346 2181 ablativum

233 2235 264 2290 ct
289 2235 392 2287 tamen
417 2220 558 2285 ultimam
582 2221 729 2307 syllabam
750 2220 926 2305 corriperet
973 2218 1033 2283 Sed
1054 2219 1255 2306 indignamur
1279 2232 1345 2286 stu-

233 2328 336 2415 pidam
372 2327 437 2391 fere
474 2327 682 2412 arrogantiam
706 2327 885 2411 Forbigeri‚
911 2325 1104 2410 paucissimis
1130 2326 1246 2391 verbis:
1271 2328 1346 2390 eino

233 2457 337 2500 causo
359 2431 501 2507 idonea,
526 2432 669 2497 lambini
695 2445 817 2497 acutam
839 2431 952 2496 montis
977 2433 1079 2496 aciem
1099 2432 1270 2497 obtundere
1287 2455 1347 2497 co-

234 2541 335 2606 nantis
370 2537 468 2627 (flavit
492 2549 522 2601 et
549 2536 687 2621 dissipati
712 2536 838 2624 sonti),
869 2559 972 2622 neque
999 2537 1126 2600 omniuo
1153 2537 1347 2623 suspicientis

234 2668 266 2710 se
299 2644 392 2708 tacite
420 2663 523 2706 versus
541 2637 732 2726 approbare,
760 2643 831 2728 qui,
856 2664 960 2728 neque
976 2642 1001 2706 si
1020 2663 1093 2707 cum
1114 2643 1341 2727 superioribus,

235 2770 337 2835 nequo
359 2748 384 2812 si
409 2768 483 2812 cum
509 2747 724 2831 sequentibus·
731 2748 927 2835 jungantur,
947 2769 1070 2812 sensum
1091 2747 1233 2815 babeant.
1274 2750 1347 2814 Eto-

234 2857 300 2920 nim
329 2854 361 2919 bi
391 2876 493 2918 versus
515 2853 678 2930 ost-33,
708 2853 752 2918 uti
769 2854 918 2940 Forbiger
935 2875 987 2917 eos
1007 2853 1134 2929 scribit,
1163 2853 1241 2919 nihil
1260 2854 1346 2919 aliud

234 2960 412 3047 significant
444 2979 557 3044 quarn:
591 2979 710 3041 sensus
746 2953 861 3045 (potius
899 2981 1058 3022 censuum
1096 2955 1342 3044 instrumenta)

235 3089 302 3131 nora
326 3074 469 3150 possunt
493 3065 637 3126 asistere
660 3065 734 3126 sine
756 3066 888 3128 animo.
935 3064 1037 3151 Ergo,
1057 3064 1103 3128 bis
1122 3087 1196 3129 cum
1221 3076 1346 3129 antece-

234 3172 379 3236 dentibus
406 3169 509 3247 nexis,
537 3177 628 3254 pocta
655 3165 749 3234 dixit:
772 3172 909 3235 unimus
928 3181 1169 3255 postmortem
1186 3193 1255 3234 non
1268 3193 1347 3255 poe·

235 3287 316 3340 sunt
347 3273 466 3340 tatere
500 3277 649 3361 quinque
679 3297 814 3352 senam,
848 3279 931 3364 quia
965 3277 1086 3340 nullus
1119 3299 1160 3339 ea·
1192 3275 1345 3340 sensibus

235 3386 310 3446 sino
344 3383 462 3444 anima
493 3391 607 3464 potest
646 3384 802 3447 existere.
849 3383 927 3464 Quis
958 3404 1021 3448 non
1060 3383 1142 3447 videt
1171 3382 1248 3449 haec
1283 3405 1345 3448 esse

148 3551 150 3558 ,
235 3486 391 3554 absurda‘l
437 3486 526 3564 Imo,
555 3509 644 3551 versu
677 3490 760 3565 630,
794 3500 860 3575 post
888 3500 1027 3566 auctus,
1058 3499 1192 3574 ponatur
1224 3509 1345 3554 comma

235 3594 305 3658 loco
323 3593 433 3678 plenae
452 3589 673 3669 distinctionis,
695 3603 725 3657 et
745 3616 785 3659 rs.
808 3595 892 3672 631,
915 3594 1066 3658 levissima
1083 3594 1271 3670 mutatione,
1290 3615 1347 3680 pro

236 3708 294 3773 at,
325 3698 445 3783 legatur
476 3707 533 3773 ut,
566 3696 649 3781 quod
675 3700 871 3764 referendum
894 3710 939 3764 est
956 3699 995 3765 ad
1020 3701 1072 3762 sio
1093 3722 1146 3764 vsu
1165 3703 1243 3765 630.
1289 3699 1346 3764 llic

237 3815 281 3869 est
303 3825 408 3868 sensus
430 3823 573 3866 versuum
595 3805 762 3868 629-33:
799 3827 816 3867 n
827 3806 933 3889 itaque
963 3805 1094 3890 pictores
1123 3817 1154 3869 et
1183 3805 1346 3890 scriptores

236 3910 353 3975 animas
387 3919 543 3984 mortuas,
584 3909 729 3986 umbras,
766 3911 907 3995 quinque
942 3911 1082 3975 sensibus
1112 3911 1343 3992 instruxerunt,

238 4035 342 4099 neque
373 4014 439 4078 sius
465 4014 502 4078 iis
531 4035 595 4078 esse
624 4035 713 4100 posse
733 4026 902 4101 putarunt,
934 4015 1042 4110 eadem
1070 4017 1189 4082 ratione
1210 4026 1347 4100 atquee

238 4119 392 4186 contrario
423 4117 554 4205 (sicuti)
586 4141 693 4186 sensus
719 4105 783 4188 non
807 4133 935 4207 possunt
952 4144 1017 4187 esse
1033 4121 1101 4187 sine
1117 4121 1254 4187 anima.”
1301 4120 1347 4185 lta

238 4227 323 4291 enim
343 4224 476 4310 pictores
497 4225 776 4292 ratiocinabantur:
801 4247 935 4291 »sensus
956 4249 1020 4292 oon
1048 4239 1174 4312 possunt
1201 4248 1264 4292 csse
1280 4225 1347 4290 siue

238 4331 359 4407 anima;
385 4350 459 4415 crgo
489 4330 593 4395 anima
624 4352 688 4395 nou
713 4342 812 4417 potest
840 4353 904 4397 esse
928 4331 996 4398 siue
1020 4333 1194 4399 sensibus.’'
1240 4331 1280 4396 Et
1306 4330 1348 4396 ita

240 4457 311 4504 sane
339 4434 449 4521 vulgus
470 4436 639 4502 etiamnum
657 4435 831 4506 ratiocinari
853 4438 952 4526 solet„
