2920 5044
717 299 765 362 5-4

183 505 258 568 dum
282 512 324 565 est
345 497 461 572 uobis,
487 493 570 580 quod
594 491 646 555 hic
671 493 762 559 unico
793 501 899 574 aptum
932 499 992 562 est,
1023 491 1162 574 quamvis
1196 511 1295 552 ›rson-

183 632 251 674 sum
272 606 384 672 habero
409 625 470 668 non
492 599 640 682 rideat'l
675 596 869 660 Econtrario
900 593 983 658 ollis
1008 615 1070 658 non
1102 593 1197 658 habet
1228 617 1297 658 sen·

154 697 271 779 ¹snm:
304 711 430 774 deberet
461 707 542 772 enim
564 703 667 768 referri
689 703 727 766 ad
749 702 882 764 camino
900 699 986 776 284,
1010 711 1040 764 ot
1071 700 1201 764 absurda
1221 711 1300 764 esset

184 819 350 887 conclusio.
399 813 458 878 Sed
499 833 534 875 ex
574 810 668 873 libera
698 810 845 892 potestate
877 807 963 870 nobis
996 807 1102 868 innata
1147 805 1225 895 (286
1256 809 1302 870 cf.

185 918 366 1004 aso-283)
385 930 486 984 motus
506 915 646 982 mutandi
670 924 701 978 ot
728 914 769 976 sic
795 913 865 988 fati,
882 912 983 976 omnia
1000 910 1140 974 deorsum
1159 913 1298 990 ferentis,

187 1031 309 1097 foedera
330 1024 495 1111 rumpendi
519 1019 611 1112 (254)
636 1018 794 1084 concludit
814 1027 926 1103 podta:
959 1018 1056 1080 similo
1087 1017 1163 1103 quid
1194 1019 1225 1082 in
1253 1042 1302 1082 se·

188 1135 322 1204 minibus
355 1133 466 1196 debere
501 1129 604 1194 adame
639 1124 707 1188 »de
741 1123 1012 1210 nibilo'quoninm
1046 1125 1090 1187 nil
1119 1124 1185 1186 fieri
1215 1147 1301 1210 posse

187 1239 368 1318 ridemus?
389 1259 427 1303 na
448 1236 563 1320 seilicet
579 1242 748 1296 statuamus
767 1229 848 1294 hano
866 1228 952 1292 nobis
971 1229 1106 1291 innatam
1124 1240 1303 1312 potestatem

189 1367 224 1409 ox
250 1341 346 1408 nihilo
368 1361 429 1404 esso
451 1350 566 1413 ortam,
591 1336 673 1424 quod
700 1327 876 1402 dobrawa
919 1336 1083 1420 iungenda
1101 1348 1172 1400 sunt
1192 1338 1304 1402 oliam

189 1472 230 1517 rs.
255 1450 321 1513 285
345 1457 375 1510 et
395 1443 481 1510 uude
504 1465 544 1506 rs.
563 1445 641 1508 286.
689 1439 748 1505 Sed
771 1440 898 1524 sapienti
918 1451 973 1504 sat.

239 1560 278 1628 2,
299 1554 376 1616 365.
425 1549 615 1633 Curamque
645 1545 721 1610 mibi
751 1545 917 1629 legendum
950 1545 1070 1609 videtur
1088 1569 1160 1610 oum
1183 1549 1307 1611 Wake-

191 1659 315 1736 fioldio‚
336 1679 408 1726 nam
436 1654 520 1741 quod
546 1654 676 1738 Gottorp
702 1655 740 1717 fr.
769 1650 864 1714 habet
889 1673 1057 1737 curaque,
1089 1652 1147 1716 boc
1177 1676 1213 1717 ex
1232 1655 1307 1717 scri-

194 1777 300 1850 pturae
333 1760 516 1845 compendio
546 1770 648 1824 ortum
676 1777 737 1820 essa
766 1766 883 1840 potest,
917 1757 1007 1840 cnjus
1029 1757 1127 1820 ubivis
1149 1760 1309 1822 manifesta

194 1874 281 1955 signa
319 1868 413 1932 habet
444 1865 521 1930 illud
557 1867 775 1948 fragmentum.
831 1861 974 1928 (lotorum
1014 1863 1120 1926 eadem
1154 1865 1309 1929 diversitas

195 1976 361 2058 scripturae
384 1983 428 2034 est
450 1973 481 2034 in
504 1972 590 2034 initio
611 1969 674 2034 Gic.
697 1969 734 2031 dc
760 1969 882 2032 Senect.
932 1967 991 2039 »O
1015 1969 1081 2032 Tito
1103 1971 1125 2031 si
1150 1971 1225 2056 qnid
1251 1993 1311 2056 ego

202 2079 309 2162 adjuro
334 2098 478 2141 curamve
499 2078 610 2140 levasso
625 2079 657 2149 ,”
680 2075 733 2136 ubi
756 2072 824 2136 cod.
845 2074 872 2136 A
894 2072 988 2137 habet
1006 2078 1138 2140 errrdoe.

246 2186 285 2260 2,
307 2185 383 2246 373.
436 2180 530 2266 Quin
554 2203 614 2244 non
639 2189 736 2264 potest
759 2180 848 2255 ferri,
884 2182 939 2242 nisi
962 2192 1132 2244 contortam
1165 2195 1195 2244 et
1223 2184 1312 2268 frigi-

199 2289 270 2356 dam
299 2287 580 2372 interpretationem
603 2283 756 2350 admittas.
803 2285 921 2348 Referri
945 2275 1026 2348 enim
1055 2286 1147 2350 debet
1177 2287 1212 2350 ad
1247 2311 1314 2351 non

202 2405 315 2462 tomara
338 2413 450 2468 omno,
474 2389 580 2478 quod,
603 2411 702 2475 quum
728 2389 923 2454 solummodo
945 2389 982 2453 ad
1009 2390 1155 2476 quidque
1178 2415 1237 2455 auo
1254 2417 1315 2481 go-

200 2523 278 2564 naro
299 2499 469 2582 pertineat,
493 2493 613 2579 intirgro
634 2515 723 2559 sensu
747 2495 837 2578 possit
857 2495 963 2558 eximi:
988 2506 1164 2578 »postremo
1187 2497 1314 2582 quodvis

203 2606 393 2667 frumentum
414 2603 493 2664 inter
509 2622 539 2662 so
559 2600 655 2662 simile
676 2619 737 2662 esse
757 2598 911 2679 ridebis;’'
930 2622 994 2686 qno
1009 2613 1166 2686 perspecto
1184 2606 1317 2691 quisquo

202 2708 318 2772 videbit
346 2707 430 2791 quin
462 2707 494 2767 in
520 2725 623 2790 quum
643 2725 704 2767 esse
724 2705 932 2781 mutandum,
955 2709 1041 2792 quasi
1064 2707 1179 2772 diceret
1205 2718 1313 2794 potita:

205 2826 264 2878 »et
298 2823 398 2875 tamen
429 2811 586 2897 quandam
614 2810 785 2875 distantiam
809 2812 1011 2876 intercurrere
1031 2813 1169 2879 formis.’'
1216 2815 1315 2880 Codex

204 2931 290 2983 retus
313 2918 477 2984 Vossianus
501 2915 595 2978 babet
621 2915 756 3002 »quid.'’

251 3026 294 3098 2,
317 3025 378 3104 391
405 3025 437 3088 do
463 3023 495 3086 2.
543 3021 643 3084 Durus
665 3033 710 3084 est
739 3023 1182 3112 naxusninterquomoir-
1206 3039 1258 3101 ot,
1294 3030 1318 3090 si

206 3129 492 3202 conferas'similia‚
518 3129 582 3192 288
603 3139 634 3191 et
656 3129 839 3203 398-401,
871 3130 911 3192 ita
935 3141 969 3192 ut
989 3132 1120 3199 libenter
1143 3133 1244 3219 legero
1268 3155 1319 3198 ro·

206 3237 260 3308 lim
289 3255 390 3320 quom
410 3235 446 3296 oi
467 3233 583 3296 subito
610 3235 630 3296 i.
654 3255 682 3296 e.
709 3255 803 3318 quarn
837 3236 935 3298 subita
972 3239 1010 3300 vi.
1058 3238 1170 3302 Eadem
1196 3241 1318 3308 'rationo

212 3345 277 3408 335
307 3350 399 3402 utam
421 3337 546 3404 diducta
569 3344 727 3422 repente.”

255 3449 295 3522 2,
320 3447 395 3510 408.
443 3444 519 3509 cava
542 3467 581 3511 ne
604 3466 676 3509 cum
697 3446 861 3529 Furbigero
881 3457 911 3509 et
927 3448 1132 3512 Wakefieldio
1150 3461 1319 3516 construas:

210 3554 316 3616 »bona
332 3552 467 3614 sensibus
485 3562 514 3614 et
543 3551 622 3614 mala
642 3556 750 3614 tactu”
769 3552 789 3614 i.
802 3574 829 3614 e.
844 3553 922 3616 bona
943 3555 1045 3638 quoad
1069 3578 1171 3619 sensus
1191 3567 1221 3618 et
1242 3558 1323 3620 mala

210 3657 311 3743 quoad
332 3642 670 3741 tacturussignificaret
692 3658 773 3720 enim
794 3679 878 3732 esse,
899 3681 978 3744 qnae
999 3660 1038 3721 ab
1060 3683 1120 3722 una
1142 3673 1226 3744 parte
1243 3663 1324 3727 bona

209 3764 345 3826 sensibus
368 3773 488 3835 essent,
508 3762 548 3825 ab
570 3764 662 3826 altera
688 3765 768 3826 mala
791 3774 898 3839 tactu,
922 3765 1005 3849 quod
1025 3765 1204 3830 absurdum.
1241 3769 1325 3833 Cou-

97 3885 100 3890 '
211 3868 409 3940 struendum:
440 3867 521 3930 bona
547 3879 578 3931 et
607 3870 687 3931 mala
707 3880 791 3932 tactu
811 3871 947 3934 sensibus
978 3871 1108 3960 (dativus
1134 3871 1322 3959 commodi);

211 3984 294 4039 rootc
318 3974 400 4038 enim
423 3971 506 4036 addit
528 3958 677 4058 ¹dorbigcr
691 3985 814 4052 ,tactum
838 3977 920 4060 apnd
943 3978 1119 4041 Luorctium
1151 3981 1255 4043 referri
1286 3978 1325 4042 ad

214 4098 318 4143 omnes
339 4087 450 4140 sensus.
496 4079 677 4162 Implicatao
699 4078 795 4164 hujus
811 4091 981 4146 structurae
1001 4085 1088 4170 plura
1108 4086 1237 4148 inveniri
1258 4107 1326 4170 pos·

212 4195 284 4256 sunt
314 4182 452 4266 exempta
482 4183 516 4268 in
537 4185 619 4250 Sieb.
651 4187 690 4267 Q.
712 4187 746 4252 L.
777 4211 809 4274 p.
835 4189 876 4251 42
898 4192 930 4252 dc
954 4192 1014 4266 43,
1042 4191 1156 4276 quibus
1187 4190 1247 4254 hoc
1269 4189 1324 4252 ad·

213 4289 313 4354 datur.

259 4396 301 4471 2,
327 4393 402 4460 422.
450 4394 579 4482 Gottorp
599 4407 629 4461 et
645 4398 730 4466 voss.
752 4421 857 4487 margo
876 4400 989 4466 babent
1012 4403 1233 4468 omniaomina
1255 4423 1324 4487 rpe-
