2920 5044
747 373 790 434 tlt

149 560 153 568 ⁴
213 577 307 662 ipsius
327 569 463 636 lucretii
486 568 584 632 verbis
610 564 689 654 utar)
718 567 805 631 abitu
840 577 894 630 aut
921 566 1025 644 aditu,
1059 582 1242 656 mutatoque
1271 594 1323 636 or-

214 681 287 746 dine
308 688 433 743 mutant
462 677 608 740 Naturam
632 678 712 739 res.'’
760 677 826 738 678
847 674 918 738 &9
940 674 992 742 cll.
1011 677 1146 742 685-7.
1196 678 1229 741 Si
1255 701 1325 743 ma·

214 787 290 851 teria
320 807 382 849 non
416 794 491 848 esset
524 780 709 866 composita,
747 801 808 843 non
845 792 943 867 posset
971 802 1050 845 novo
1085 782 1193 848 ordine
1220 807 1324 849 rerum

213 913 306 957 novas
328 911 376 953 res
402 908 584 974 procreare:
607 907 681 971 ergo
701 906 766 948 non
793 895 870 950 esset
898 885 1049 972 genitalis.

259 998 370 1082 ltaque
392 1005 476 1058 recte
494 992 673 1068 Lucretius,
697 1002 727 1054 et
754 990 811 1054 sibi
841 1002 1001 1068 constans,
1021 994 1146 1078 negavit
1174 1015 1240 1058 eam
1258 1017 1325 1062 ma·

214 1104 321 1167 teriam
348 1122 428 1186 quae
455 1099 548 1163 nullis
575 1098 711 1183 partibus
744 1109 820 1162 osset
849 1109 938 1162 aucta
963 1119 1027 1162 esse
1055 1099 1240 1186 genitalem,
1271 1102 1324 1167 sed

197 1207 313 1294 >qualis
340 1202 420 1270 'inde
455 1204 555 1269 evadit
587 1226 692 1268 sensus
724 1203 817 1268 totius
846 1202 964 1287 periodi
997 1204 1194 1270 ota-635?
1241 1208 1322 1286 Hic,

214 1313 274 1378 nisi
297 1313 402 1376 laller:
974 1341 993 1353 ν

257 1418 335 1483 lnde
358 1441 375 1482 a
402 1440 443 1484 vs.
469 1419 534 1481 616
563 1416 771 1500 disputaverat
798 1427 908 1480 'noster
934 1427 1040 1480 contra
1068 1439 1119 1482 eos
1147 1417 1255 1504 quiin
1275 1421 1323 1486 io·

137 1543 142 1550 ·
213 1525 336 1588 finitum
366 1545 413 1588 res
441 1521 535 1586 dividi
566 1543 652 1607 posse
677 1508 847 1606 putabant,
874 1522 909 1585 in
933 1521 994 1585 hoe
1024 1522 1095 1587 loco
1121 1545 1194 1588 vcro
1215 1537 1322 1590 eontra

214 1651 285 1706 eos,
318 1629 372 1714 qui
401 1649 465 1692 non
488 1628 618 1691 ulterius
644 1649 729 1711 posse
752 1649 799 1691 res
819 1625 914 1690 dividi
932 1628 1120 1704 statuebant,
1144 1651 1238 1716 quam
1257 1630 1324 1714 ipsa

93 1736 100 1746 ’
212 1755 317 1798 rerum
346 1745 455 1796 natura
485 1733 596 1796 nostris
614 1731 751 1795 sensibus
780 1731 898 1814 objicit.
948 1732 1029 1796 llaec
1059 1733 1182 1808 sivero
1203 1746 1320 1812 esseut,

213 1838 316 1902 omnia
342 1847 504 1900 manerent
534 1836 580 1900 uti
606 1847 697 1912 sunt,
728 1834 795 1899 nee'
811 1837 875 1900 ulla
895 1839 1066 1922 procreatio
1084 1839 1189 1903 locum
1208 1839 1322 1906 habere

212 1953 328 2029 posset,
352 1941 469 2025 quippe
491 1942 575 2027 quod
599 1963 647 2004 res
671 1942 804 2026 simplex
824 1943 954 2006 formam
978 1954 1183 2010 transmutare
1196 1933 1320 2032 irequit.

258 2048 435 2113 eae-713.
483 2047 521 2110 In
551 2045 609 2109 hac
640 2057 726 2130 parte
759 2047 830 2110 libri
868 2047 962 2131 primi
994 2049 1156 2114 Lucretius
1187 2049 1322 2136 disputat

214 2160 322 2216 contra
350 2172 401 2214 eos
428 2150 503 2236 qui,
530 2161 657 2215 auctore
678 2151 854 2230 Heraclito,
880 2155 914 2219 ἐκ
935 2145 1038 2243 πυρὸς
1059 2147 1100 2220 τὰ
1116 2146 1228 2222 πάντα
1245 2178 1322 2224 ooo-

211 2249 348 2323 εστοίυοι
383 2262 440 2323 καὶ
472 2253 516 2336 εἰς
540 2255 638 2324 τοῦτο
660 2250 870 2324 ἀναλύεσθαι
892 2260 1059 2343 ponebant.
1107 2260 1195 2325 Prius
1218 2273 1322 2326 autem

212 2384 305 2448 quarn
335 2361 374 2426 de
402 2362 542 2448 pluribus
572 2362 665 2446 hujus
694 2363 908 2448 disputationis
930 2364 1005 2427 locis
1034 2386 1128 2450 agere
1150 2365 1317 2451 incipiam,

211 2466 383 2531 secundum
415 2469 608 2533 Heraclitum
632 2468 783 2552 quaedam
805 2467 936 2534 dicenda
971 2469 1113 2536 videntur
1135 2484 1244 2537 contra
1266 2469 1347 2537 in·‘

210 2572 426 2638 verecundiam
447 2574 686 2658 impositamque
710 2575 930 2658 procacitatem
955 2565 1107 2653 Lucretii,
1127 2577 1322 2643 Heraclitum

208 2677 432 2761 improbantis,
453 2678 538 2765 quod
556 2701 620 2744 nou
641 2679 827 2766 intelligeret
849 2701 902 2755 ea,
922 2700 1002 2764 quae
1024 2681 1069 2742 vir
1093 2679 1198 2756 hicce,
1217 2682 1320 2748 divino

209 2794 351 2868 pectore,
381 2785 506 2871 egregie
541 2785 592 2850 sed
624 2787 753 2852 obscure
781 2797 847 2850 erat
878 2787 1026 2871 profatus.
1070 2785 1203 2850 Tantum
1235 2789 1320 2851 enirn

208 2888 309 2964 abest,
332 2901 369 2952 ut
392 2881 554 2968 σκοτειυός
579 2891 634 2954 ille
658 2903 687 2955 et
707 2884 854 2971 αἰνικτής
871 2893 1014 2957 convicio
1031 2892 1143 2979 dignus
1160 2893 1218 2970 sit,
1235 2892 1320 2978 quod

209 3005 312 3058 noster
327 2995 355 3058 ei
382 2995 746 3082 confidentius'ingerit‚
776 3008 811 3060 ut
834 2999 944 3083 potiusv
963 2997 1160 3078 admirandus
1184 3021 1247 3062 esse
1271 2998 1322 3062 vi-

207 3098 315 3164 deatur
340 3101 380 3165 ob
406 3102 562 3185 praeclara
587 3125 660 3178 sua,
684 3125 771 3166 sensa
796 3114 897 3168 taruco
919 3105 1036 3188 magis,
1061 3125 1154 3189 quam
1173 3103 1319 3169 distinete

208 3214 385 3289 perspecta,
417 3207 543 3289 placita,
572 3229 653 3290 quae
680 3209 806 3272 veritate
830 3219 863 3271 et
893 3209 1038 3272 acumine
1066 3220 1168 3272 nostra
1200 3211 1318 3296 magis,

208 3309 360 3373 indefessi
389 3322 517 3374 naturae
549 3312 784 3396 investigatione
817 3314 915 3376 multo
942 3314 1151 3397 provectiora,
1180 3325 1319 3399 tempora

208 3415 340 3501 spirant,
374 3437 467 3500 quam
489 3416 700 3503 philosophiae
725 3419 861 3483 Graecae
884 3420 1086 3484 incunabula.
1133 3419 1215 3488 Vere
1235 3419 1319 3482 enim

209 3532 239 3584 et
265 3522 376 3605 pulcre
397 3523 586 3608 epigramma
604 3522 664 3587 hoo
682 3524 721 3588 de
742 3525 918 3590 Heraclito:

257 3728 318 3816 Μὴ
339 3730 439 3822 ταχὺς
456 3730 678 3828 Ἡρακλείτου
701 3731 747 3804 e'n'
778 3731 933 3831 ὀμφαλόν
956 3735 1037 3805 ἐίλεο
1055 3739 1172 3824 βίβλου

315 3843 509 3941 Τούφεσίου.
530 3845 622 3936 μάλα
638 3878 690 3919 τοι
710 3846 874 3937 δύσβατος
895 3845 1084 3943 ἀτραπιτός.

256 3954 391 4052 Ὀρφυὴ
412 3969 469 4029 καὶ
493 3957 610 4043 σκότος
635 3965 725 4031 ἐστίν.
749 3959 956 4062 ἆλολμπετουῖ
975 3960 1018 4052 ἦν
1039 3966 1074 4031 δέ
1089 3988 1125 4031 σε
1145 3958 1270 4051 ahorne

308 4069 477 4167 Είςαγάγῃ
489 4125 497 4156 ,
527 4077 672 4166 φανεροῦ
699 4068 885 4168 abacelam
910 4073 1028 4164 ἠελίου.

255 4273 415 4339 Immerito
444 4276 616 4342 Heraclitus
639 4277 772 4366 physicis
792 4281 990 4344 annumerari
1012 4281 1108 4355 solet,
1137 4276 1221 4365 quorl
1251 4276 1326 4342 inde

211 4380 344 4457 lactum,
360 4384 506 4467 quoniam
522 4395 649 4469 propter
662 4381 911 4476 μεγαλοψυχίαν
934 4399 965 4452 ct
984 4385 1165 4452 stolidorum
1182 4394 1322 4449 contem·
