2920 5044
766 353 811 414 so
913 319 920 325 ’

233 568 267 620 ut
296 552 369 617 inde
391 561 493 636 pateat
514 558 655 613 naturam
677 567 783 610 sensns
806 544 901 633 (quse
922 544 988 608 talis
1009 555 1054 609 est
1076 557 1111 610 ut
1131 545 1208 611 nilril
1226 548 1345 612 sentire

231 671 326 746 queat
359 669 552 730 extremum,
588 653 645 716 nisi
683 651 766 714 aliud
801 650 879 714 adsit
910 645 1149 734 praeter‘illod,
1173 664 1203 717 et
1224 653 1287 728 sic,
1311 654 1346 718 in

231 765 404 842 infinitum,
437 783 474 825 ex
500 759 560 823 alio
592 767 730 822 extremo
765 757 798 819 in
824 755 907 820 eliud
940 778 1062 840 semper
1089 756 1346 845 progrediatur)

231 868 309 933 lraec
333 890 395 932 non
423 866 554 930 ulterius
582 884 668 948 posse
693 861 856 946 persequi,
885 859 937 924 sed
964 871 1070 925 moute
1086 871 1116 924 et
1131 863 1250 928 ratione
1268 861 1345 928 con·

231 971 422 1037 cludendum
457 990 539 1034 esse:
582 965 660 1032 nihil
692 987 756 1028 esse
791 975 913 1049 praeter
945 957 984 1030 τὸ
1009 962 1100 1047 nain,-
1134 967 1219 1053 qnod
1252 979 1344 1053 poeta

229 1079 303 1142 lacit
331 1075 600 1161 insequentibus.
648 1071 728 1147 Sed,
764 1071 904 1156 quamvis
931 1072 1018 1135 locus
1040 1073 1131 1136 talem
1154 1073 1344 1158 interpreta-

229 1184 345 1248 tionem
383 1181 531 1266 recipiet,
561 1178 671 1243 dubito
705 1189 806 1241 tamen
832 1174 1029 1241 vehementer
1065 1199 1104 1241 en
1140 1189 1231 1263 potita
1266 1178 1344 1245 haec

229 1287 406 1374 significare
430 1286 571 1351 voluerit.
619 1285 729 1369 lneple
751 1284 834 1346 enim
864 1293 894 1346 et
925 1283 1047 1369 ingrate
1080 1284 1169 1348 verba
1196 1286 1271 1349 ista:
1305 1271 1360 1350 αι’

230 1392 388 1458 videatur
416 1428 459 1442 -
485 1401 650 1477 sequatur
678 1411 792 1453 nexum
823 1388 916 1473 hujus
943 1391 1220 1475 argumentationis
1245 1392 1344 1479 syllo-

230 1498 359 1587 gisticae
389 1499 640 1582 interrumpunt,
668 1495 848 1579 praesertim
879 1494 1006 1582 hujus,
1030 1515 1124 1581 quam
1145 1496 1253 1561 Cicero
1277 1497 1344 1582 ipse

228 1605 261 1670 in
284 1603 419 1689 Epicuro
451 1603 555 1667 laudat
581 1614 708 1687 propter
732 1600 909 1665 distinctam
943 1613 973 1665 et
996 1613 1236 1686 consequentem
1257 1603 1342 1690 logi·

228 1733 298 1778 com
329 1712 471 1776 lormem.
521 1711 558 1772 Et
587 1729 661 1771 sane
690 1708 714 1771 si
746 1706 823 1773 haec
849 1707 939 1771 verba
971 1707 1155 1786 demantur,
1190 1709 1254 1794 ipsa
1288 1710 1343 1775 illa

229 1816 432 1903 perspicuitas
455 1826 486 1878 et
510 1814 611 1900 logica
642 1813 798 1878 distinctio
828 1813 1009 1890 restituitur,
1059 1813 1120 1878 Sed
1136 1816 1233 1900 magis
1248 1815 1344 1880 etiam

227 1921 359 1997 haereo,
399 1922 424 1984 si
458 1941 605 2005 comparo
641 1931 779 1983 nostrum
809 1921 914 1984 locum
941 1939 1014 1983 cum
1046 1919 1144 1984 rerbis
1175 1921 1344 1986 simillimis

232 2027 329 2112 ipsius
363 2026 492 2110 Epicuri
519 2025 550 2088 in
579 2045 643 2108 ep:
673 2025 718 2122 ad
742 2022 854 2087 Herod.
884 2015 994 2088 ’Attal
1022 2017 1092 2110 μὴν
1121 2017 1243 2090 καὶτὸ
1271 2021 1344 2095 noio
1442 2093 1443 2100 ,

231 2120 369 2219 ἄπειρόν
385 2130 481 2196 ἐστιν.
500 2121 539 2193 τὸ
558 2120 623 2216 γὰρ
641 2129 886 2216 πεπερασμένον
906 2121 1010 2217 ἄκρον
1029 2127 1100 2215 ἔχει.
1116 2122 1154 2195 τὸ
1177 2131 1213 2194 δὲ
1235 2123 1341 2219 ἄκρον

231 2232 300 2324 παρ’
319 2225 428 2323 ἕτερόν
446 2258 479 2299 τι
498 2233 683 2322 θεωρεῖται.
700 2225 795 2322 παρὰ
812 2225 850 2298 τὸ
865 2229 938 2313 πᾶν
958 2221 986 2296 5
1005 2224 1100 2299 οὐδέν
1118 2231 1215 2300 ἐστιν.
1232 2225 1343 2300 ’Ὥστε

234 2329 292 2402 οὐκ
313 2330 417 2426 ἄκρον
437 2335 507 2425 ἔχει.
539 2331 578 2403 τὸ
601 2326 629 2402 <5³
654 2329 713 2403 οὐκ
735 2335 809 2424 ἕχον
836 2330 957 2425 ἄκρον,
977 2339 1079 2425 πέρας
1109 2330 1168 2403 οὐκ
1190 2337 1261 2426 ἔχει.
1285 2340 1342 2404 πὲ·

232 2431 342 2532 pond
367 2435 425 2508 οὐκ
445 2442 533 2530 ἕχον,
555 2436 693 2532 ἄπειρον
717 2435 760 2508 ἅν
773 2442 859 2536 ein,-
891 2463 975 2527 quae
1004 2442 1113 2508 iisdem
1146 2444 1211 2509 fere
1243 2446 1342 2509 verbis

233 2549 379 2631 expressit
401 2547 509 2612 Cicero
528 2549 562 2612 in
591 2549 671 2612 libro
698 2550 717 2610 2
748 2547 787 2610 de
806 2547 1021 2640 Divinatione:
1048 2570 1065 2610 rr
1076 2549 1211 2615 Videsne
1227 2550 1343 2636 Epicu·
1434 2586 1439 2593 ·

236 2668 321 2727 rum,
352 2672 447 2736 quem
467 2651 610 2717 hebetem
638 2662 669 2716 et
695 2652 804 2716 rudem
831 2652 937 2718 dicere
963 2654 1062 2718 solent
1086 2654 1201 2731 Stoici,
1232 2676 1343 2740 qnem-

234 2755 423 2835 admodum,
456 2759 539 2845 quod
573 2759 607 2824 in
644 2770 752 2823 natura
793 2779 898 2823 rerum
923 2781 1016 2823 omne
1044 2781 1108 2824 esse
1135 2760 1284 2837 dicimus,
1310 2759 1343 2827 id

233 2861 392 2926 inlinitum
413 2887 477 2929 esse
497 2865 710 2929 concluserit?
757 2864 849 2944 Quod
872 2863 997 2928 finitum
1024 2875 1086 2942 est,
1108 2866 1228 2950 inquit,
1251 2866 1345 2932 habet

235 2978 418 3034 extremum.
467 2970 544 3050 Quis
568 2969 627 3034 hoc
649 2993 712 3034 non
733 2968 879 3034 dederit?
927 2969 1020 3050 Quod
1041 2970 1133 3035 habet
1150 2947 1342 3050 extremum,

232 3073 264 3150 id
291 3075 431 3139 cernitur
459 3097 496 3140 ex
526 3077 587 3140 alio
615 3077 820 3155 extrinsecum
851 3076 911 3141 hoc
942 3097 1070 3162 quoqne
1098 3089 1143 3142 est
1168 3077 1344 3143 coneeden-

234 3177 319 3244 dum.
367 3181 408 3242 Ar
434 3183 518 3266 quod
547 3204 640 3246 omne
666 3196 730 3259 est,
755 3182 787 3245 id
817 3204 879 3246 non
907 3183 1046 3246 cernitur
1072 3205 1108 3246 ex
1139 3183 1201 3246 alio
1227 3184 1344 3248 extrin-

234 3305 341 3363 secns3
372 3308 411 3350 uo
443 3286 502 3349 hoc
528 3287 654 3372 quidem
684 3290 791 3375 ungari
810 3299 918 3373 potest.
956 3286 1050 3350 vNihil
1076 3288 1173 3374 igitur
1198 3311 1272 3353 cum
1291 3289 1344 3354 ha·

234 3391 305 3454 beat
323 3403 513 3470 extremum,
534 3392 691 3458 infinitum
712 3395 767 3471 sit,
784 3415 909 3459 necesse
925 3398 1003 3458 est.”
1039 3393 1147 3458 Cicero
1167 3395 1255 3460 rerba
1271 3395 1345 3480 Epi-

234 3496 302 3563 curi
337 3517 354 3558 r>
362 3489 401 3561 τὸ
429 3490 534 3585 ἄκρον
559 3497 628 3587 παῤ
649 3499 758 3587 ἕτερον
776 3523 809 3564 τι
827 3500 1025 3588 θεωρεῖται”
1050 3500 1139 3563 vertit
1162 3520 1236 3584 per:
1258 3499 1345 3584 quod

234 3603 327 3667 hebet
347 3613 539 3682 extremum,
561 3602 594 3668 id
615 3605 754 3669 cernitur
776 3627 812 3669 ex
837 3605 898 3669 alio
920 3605 1132 3669 extrinsecns”
1157 3616 1188 3669 et
1209 3604 1343 3670 eundem

234 3709 299 3773 lere
328 3731 451 3773 sensum
477 3708 591 3774 debent
612 3708 727 3774 hebere
759 3732 860 3775 versus
885 3710 1021 3773 Lucretii
1044 3712 1202 3775 eoo-61.
1237 3709 1346 3774 Cetera

235 3816 317 3879 enim
357 3815 535 3900 plenissime
572 3818 765 3886 conveniunt
804 3839 877 3881 cum
909 3816 1037 3880 Graecis
1054 3839 1079 3892 ,·
1103 3838 1143 3879 rs.
1180 3818 1245 3879 957
1272 3837 1345 3880 cum

234 3911 271 3983 cd
290 3915 358 4012 πᾷν
376 3909 513 4005 ἄπειρόν
534 3921 637 3999 iorem
657 3925 724 3991 958,
740 3944 812 3986 cum
828 3915 867 3986 τὸ
888 3921 1133 4007 πεπερασμώνον
1148 3913 1252 4006 ἄκρον
1266 3919 1345 4006 iiras,-

58 4017 62 4026 ’
173 4102 175 4106 .
227 4023 301 4090 ,962
331 4043 403 4084 cum
438 4019 531 4111 παρὰ
560 4019 598 4090 τὸ
623 4022 692 4091 πᾶν
722 4018 815 4091 οὐδέν
835 4026 942 4105 iorem
977 4028 1043 4090 963
1078 4045 1152 4088 cum
1185 4015 1263 4102 ὥςτε
1287 4017 1345 4092 οὐκ

234 4123 338 4221 duone
359 4126 439 4216 iicon·
465 4130 529 4193 263
553 4131 585 4190 dn
611 4132 630 4191 i
654 4133 726 4193 cum
757 4124 796 4196 τὸ
819 4122 877 4196 οἷα
903 4129 978 4218 ἕχον
1000 4125 1123 4220 ἄκρον,
1156 4133 1258 4221 πέρας
1287 4123 1345 4196 οὒκ

234 4235 316 4324 ἔχεις
339 4236 405 4301 966
435 4235 467 4297 n
500 4237 543 4299 66
577 4227 715 4324 ἄπειρον
745 4229 788 4302 ἂν
817 4237 875 4317 εἴη.
923 4239 966 4301 Ex
997 4237 1044 4302 his
1076 4249 1180 4302 antem
1213 4237 1238 4301 si
1265 4257 1348 4301 con·

237 4339 366 4407 cludere
407 4342 531 4421 liceat;·
561 4341 678 4405 verbis:
713 4347 899 4408 ectromisrn
934 4344 1071 4409 nullius
1095 4365 1193 4429 posse
1214 4340 1348 4407 videtur

166 4521 169 4528 y
221 4467 324 4528 ‚essm
343 4447 417 4510 nisi
431 4446 531 4512 ultra
549 4450 598 4511 sit
615 4447 840 4533 quodfinict3
861 4447 1090 4526 striduntur,
1110 4450 1176 4535 qno
1192 4470 1258 4514 non
1278 4447 1348 4513 lon-
