2874 5048
757 371 804 439 te

214 578 385 644 Obrutam
413 565 783 650 couvenit'desoriptioui
814 564 941 651 Virgilii
964 565 1043 633 heo.
1079 571 1201 646 6,232:
1237 571 1327 633 uiu-

210 683 298 771 genti
320 682 404 745 mole
428 676 610 761 sepulcrum
641 673 809 757 imponit.’'

257 794 288 865 3,
303 790 383 853 917.
440 784 520 847 llale
549 781 668 865 recepit
703 777 859 864 Forbiger
891 777 1108 862 conjecturam
1141 779 1189 844 Pii
1219 781 1325 858 lecto,

211 915 307 982 quam
325 893 393 976 jam
421 889 588 954 Lambinus
623 883 841 969 reprehendit,
869 906 945 969 prae
982 885 1135 969 scriptura
1176 886 1327 951 codicum

212 1000 286 1065 leto.
314 1000 392 1063 Nam
424 996 449 1059 si
480 994 561 1057 lecto
592 994 697 1078 legas,
731 991 812 1055 lecto
844 991 977 1074 sopitur
1011 991 1129 1080 dictum
1169 1004 1248 1057 esset
1281 992 1326 1057 de

211 1116 362 1191 aegroto,
392 1095 448 1190 qui
475 1102 507 1163 iu
535 1101 618 1164 lecto
645 1119 701 1162 suo
724 1095 881 1182 placidam
902 1108 1034 1160 mortem
1057 1097 1175 1176 obiret3
1196 1098 1248 1162 sed
1268 1119 1325 1160 eo·

206 1213 327 1298 pitne,
363 1207 449 1272 nude
471 1207 630 1291 positum,
666 1205 715 1266 vir
743 1203 922 1287 significare
942 1214 1043 1287 potest
1068 1203 1208 1288 placide
1224 1224 1325 1266 mor-

210 1329 312 1394 tn1m3
336 1325 438 1390 recte,
466 1312 607 1396 opposito
632 1309 705 1376 leto.
746 1310 886 1395 Sequens
915 1330 1020 1372 versus
1035 1330 1097 1373 uon
1128 1321 1247 1373 tautum
1269 1331 1323 1373 su·

208 1433 333 1507 spectus
355 1432 400 1484 est
428 1429 557 1502 propter
578 1437 664 1480 suam
689 1413 861 1478 absentiam
885 1415 917 1479 iu
948 1414 1036 1481 Voss.
1070 1416 1167 1478 veteri
1202 1427 1232 1479 et
1265 1438 1321 1479 ru·

207 1529 328 1592 bricam
360 1526 393 1587 iu
429 1525 531 1587 altero
568 1523 735 1599 Vossiauo,
772 1533 867 1607 atque
902 1522 1071 1607 quoniam,
1109 1520 1323 1585 Wakefieldio

212 1634 417 1707 observante,
438 1631 553 1716 aegris
585 1628 750 1713 displicet,
776 1627 831 1690 sed
866 1627 1017 1704 maximo,
1052 1628 1132 1722 quia
1157 1649 1214 1712 per
1245 1629 1324 1691 oeni

211 1739 300 1828 qnod
319 1748 471 1821 superest
486 1735 681 1821 significatur
707 1735 926 1797 aeternitatis
943 1734 1032 1820 qnod
1048 1745 1213 1818 superest,
1233 1733 1322 1820 quod

212 1847 367 1927 ineptum.
415 1843 461 1904 Ex
482 1842 666 1906 aeternitate
684 1841 767 1904 enim
798 1838 875 1926 quid
902 1861 1062 1924 superesse
1090 1852 1208 1924 potest,
1243 1861 1320 1905 eum

212 1951 316 2013 omnia
341 1948 522 2030 compleat?
1051 2005 1053 2008 ,

255 2053 405 2116 Deleatur
431 2051 489 2112 iste
511 2071 635 2127 versus;
664 2071 768 2136 neque
797 2053 872 2114 nevi
896 2048 983 2137 (licet
1002 2050 1149 2114 lubenter
1177 2051 1317 2137 legerem

211 2179 328 2223 aevum
347 2157 369 2225 i.
392 2178 419 2222 e.
447 2177 504 2240 per
534 2151 761 2241 aeternitatem)
794 2156 1001 2241 explicatione
1044 2165 1148 2233 caret,
1181 2177 1317 2240 nempe:

120 2287 123 2293 ·
209 2264 283 2330 oevi
315 2263 379 2332 leto
400 2263 423 2324 i.
451 2284 477 2327 e.
499 2273 606 2325 morte
625 2273 773 2328 aeterno.

256 2375 287 2446 3,
299 2370 375 2434 948.
423 2365 634 2433 Vehementer
656 2367 801 2452 displicet
820 2368 914 2431 lectio
933 2390 951 2431 a
978 2366 1149 2452 Forbigero
1168 2379 1314 2452 recepta:

211 2497 292 2540 nom
311 2485 457 2561 gratnm
469 2473 588 2559 fuerit
609 2473 678 2537 tibi
704 2485 763 2542 etc.
811 2475 857 2537 Ne
881 2475 1033 2558 permittit
1060 2473 1188 2560 quidem
1209 2495 1316 2560 gram-

211 2583 323 2646 matica
350 2579 487 2664 suerin
515 2601 587 2643 uam
620 2581 786 2663 praeterita
817 2579 977 2645 indicativi
993 2580 1202 2666 perfluxere,
1233 2581 1316 2642 inte·

212 2689 302 2751 riere
336 2707 378 2751 vs.
420 2690 506 2761 950,
539 2707 596 2769 per
628 2687 773 2770 copulam
809 2697 841 2748 et
873 2707 946 2750 oum
976 2685 1103 2770 fuerit
1125 2686 1315 2770 conjuncta,

216 2791 381 2856 manifesto
403 2802 456 2856 aut
478 2813 623 2876 praesens
664 2804 718 2856 aut
748 2792 924 2876 perfectum
955 2790 1116 2856 indicativi
1135 2792 1312 2876 postulant,

213 2909 249 2962 ut
269 2897 446 2982 praecedat.
495 2899 527 2960 Si
553 2899 681 2983 fuerit,
713 2910 749 2962 ut
776 2896 962 2982 respoudeat
981 2895 1202 2983 hypotheticae
1219 2899 1313 2982 parti-

211 3005 301 3067 culae
317 3003 374 3065 rin
395 3024 437 3068 vs.
464 3007 552 3079 953,
570 3003 705 3087 accipias
720 3025 777 3087 pro
797 3006 829 3066 ri
847 3002 924 3088 fnit
936 3049 944 3078 ,
957 3003 1131 3067 necessario
1147 3003 1312 3089 perfluat-

210 3111 304 3186 re'nt‚
325 3111 527 3172 interierint
553 3109 719 3179 scribenda
739 3120 822 3175 sunt.
882 3110 1045 3173 Praeterea
1082 3130 1188 3173 omues
1216 3111 1316 3174 bonae

210 3225 303 3278 uotae
333 3215 456 3278 codices
490 3213 606 3279 habeut
633 3218 754 3302 gratis
779 3215 876 3300 fuit,
911 3215 996 3279 uude
1027 3226 1111 3281 recte
1150 3217 1315 3304 Preigerus

211 3319 288 3384 vidit
317 3319 518 3385 scribendum
547 3343 612 3384 esse
628 3325 746 3410 gratis
765 3321 861 3405 sunit
888 3320 982 3408 (mala
1000 3320 1063 3384 fide
1082 3333 1136 3386 aut
1153 3323 1314 3410 negligen-

209 3437 256 3489 ter
277 3423 353 3487 dicit
379 3427 529 3511 Forbiger
556 3449 627 3490 eum
647 3425 755 3510 fnoot
781 3425 964 3514 conjicere).
1023 3427 1146 3512 Operae
1178 3429 1311 3514 pretium

210 3541 256 3593 est
276 3531 452 3616 elegantem
476 3529 570 3613 hujus
590 3533 697 3618 legere
715 3532 956 3616 disputationem
978 3534 1010 3595 iu
1033 3534 1201 3619 quainter
1225 3535 1312 3618 plura

209 3647 294 3699 reete
330 3637 451 3701 monuit
476 3637 635 3722 ingratum
674 3660 739 3702 esse
774 3637 854 3702 illud
889 3650 998 3725 grato
1035 3637 1141 3726 (lectio
1175 3640 1313 3724 Preigeri

211 3753 352 3824 tempore
390 3739 527 3827 vulgata)
563 3728 603 3807 ab
643 3748 710 3810 950
751 3744 905 3830 ingrato.
967 3742 1072 3807 Fnoit
1101 3755 1147 3807 est
1193 3755 1313 3828 praete·

211 3849 306 3910 ritum
342 3846 382 3908 ah
423 3842 553 3931 antiqno
590 3851 684 3913 verbo
715 3848 796 3931 fuco
822 3849 900 3929 fuet
924 3870 983 3934 pro
1007 3848 1091 3932 fue,
1118 3849 1198 3930 fui,
1230 3848 1314 3936 quod

210 3953 301 4035 lippis
340 3953 581 4041 tonsoribusque
623 3967 743 4022 uotum.
790 3955 916 4040 Optime
942 3957 987 4018 sic
1015 3976 1123 4019 seusus
1156 3956 1248 4019 esiam
1281 3976 1312 4017 se

208 4057 303 4123 habet
346 4068 377 4119 et
420 4071 640 4140 argumentum
683 4061 829 4125 Lucretio
867 4060 1041 4125 restituitur
1087 4081 1150 4124 nou
1192 4061 1312 4125 minimi

209 4162 319 4248 pretii;
367 4161 537 4226 absurdum
582 4167 665 4230 enim
713 4180 745 4232 et
791 4168 948 4254 ingratum
992 4177 1040 4230 est
1082 4165 1313 4251 reprehendere

208 4268 421 4344 beneficium,
474 4268 560 4357 quod
612 4273 706 4358 gratis
756 4274 826 4359 quis
873 4272 1014 4355 accepit,
1063 4283 1095 4335 et
1136 4294 1172 4336 ex
1224 4273 1312 4358 cujus

208 4376 315 4439 fructu
369 4375 460 4458 plura
517 4378 578 4462 ipsi
630 4364 797 4462 supersunt
836 4377 1000 4442 commoda
1050 4375 1132 4465 (949
1171 4380 1204 4440 ar
1245 4376 1317 4465 50).

211 4481 462 4568 Argumentum,
493 4483 576 4567 quod
608 4484 809 4567 neglectum,
835 4487 884 4549 vel
912 4496 1017 4550 nostro
1047 4495 1190 4570 tempore
1222 4488 1317 4551 mari·
