2874 5048
749 296 794 360 78

211 497 251 562 ad
286 518 418 582 poenam
438 492 625 558 luendama
657 488 784 552 domiuo
816 487 982 553 traduntur
1018 491 1086 567 illi,
1111 492 1201 554 cuia
1232 493 1338 556 serris

212 602 361 666 damnum
392 599 549 688 quoddam
580 608 625 659 est
665 597 807 672 illatum3
843 616 880 656 ex
922 596 1112 660 solemnibus
1154 598 1267 662 dietis:
1302 619 1339 663 so

213 697 331 772 dedere
361 704 605 791 cupiditatibus,
647 702 878 784 voluptatibus,
910 701 1028 787 quippe
1069 725 1151 789 quae
1193 706 1337 768 acerbae

218 812 427 897 crudelesque
451 811 512 874 siut
530 807 674 872 dominae
703 805 954 874 subdititiorom:
977 818 1009 869 et
1049 807 1093 870 sic
1123 829 1228 892 porro.
1291 809 1336 874 Se

215 919 321 995 dedit,
355 919 431 1004 qui,
458 928 602 991 coactus,
633 913 777 976 manibus
816 912 1012 998 pedibusque
1044 914 1174 991 vinctis,
1207 917 1240 978 iu
1271 939 1336 980 ar-

215 1027 344 1089 bitrium
370 1024 497 1088 alterius
519 1044 552 1085 se
586 1019 699 1098 tradit3
719 1041 751 1082 se
775 1017 858 1096 dat,'
871 1020 946 1105 qui,
968 1019 1089 1098 libere,
1115 1033 1227 1106 sponte
1256 1045 1335 1100 sua,

215 1130 428 1206 confidenter,
460 1151 493 1192 se
521 1126 626 1191 tradit.

262 1243 293 1311 3,
309 1240 406 1302 1014.
455 1236 491 1298 In
512 1231 669 1300 Vossianis
697 1231 906 1316 pluribusque
928 1233 1041 1296 ceteris
1061 1233 1150 1299 deest
1170 1255 1216 1312 o,·
1244 1231 1337 1320 quoti

221 1343 380 1430 quomodo
407 1341 576 1415 exciderit,
619 1338 679 1402 nisi
719 1338 759 1400 ob
796 1337 1016 1421 exiguitatem,
1061 1338 1189 1404 difficile
1230 1339 1334 1407 dictu.

193 1451 325 1534 ‘louge
356 1447 549 1532 probabilius
581 1457 626 1509 est
666 1443 815 1519 circidisse
856 1447 915 1520 ira,
956 1457 1087 1530 propter
1128 1469 1167 1508 era
1199 1447 1232 1510 iu
1276 1459 1335 1511 ta·

216 1577 308 1631 mea,
339 1554 426 1641 quod
469 1550 650 1638 praeeedit,
695 1551 964 1635 praetermissum,
996 1563 1091 1638 atque
1119 1551 1198 1618 haec
1223 1575 1336 1617 omen-

221 1661 305 1727 datio
337 1673 368 1726 et
407 1682 499 1728 sensu
529 1659 589 1721 loci
620 1669 650 1720 et
676 1657 814 1720 versibus
835 1657 964 1720 Homeri
996 1657 1107 1744 Odyss.
1139 1668 1176 1736 λ,
1212 1665 1279 1726 596
1300 1662 1335 1727 do
1414 1666 1415 1738 ᾗ

223 1771 241 1830 7
266 1768 453 1850 comparetis
474 1764 689 1828 confirmatur.
736 1764 857 1847 Nempe
878 1761 1027 1850 Sisyphus
1050 1785 1113 1829 uon
1137 1765 1196 1829 sibi
1215 1787 1336 1850 propo·

217 1874 311 1937 situm
335 1871 490 1945 babebat,
516 1882 551 1933 ut
581 1891 686 1932 saxum
718 1869 751 1931 in
785 1889 905 1931 summo
933 1869 1045 1932 montis
1073 1871 1190 1934 vertice
1209 1871 1335 1936 sisteret

219 1977 273 2042 sed
303 1989 359 2053 ut,
390 1975 528 2039 culmine
548 1975 661 2037 montis
692 1985 855 2058 superato,
877 1974 917 2038 ab
940 1976 1080 2058 opposita
1100 1977 1240 2059 partein
1259 1978 1335 2061 pla-

218 2083 326 2146 nitiem
347 2082 537 2146 devolveret.
585 2081 670 2143 Haeo
690 2091 734 2143 est
754 2078 852 2164 igitur
874 2079 1005 2163 gravitas
1032 2103 1151 2164 poenae
1170 2079 1333 2165 deceptio-

218 2190 331 2276 nisque
361 2187 552 2264 amaritudo,
580 2186 689 2273 quod,
720 2208 819 2273 quum
846 2186 912 2270 jam
952 2209 1074 2251 summo
1106 2189 1214 2251 labore
1234 2187 1332 2251 miser

217 2295 258 2359 ad
288 2295 436 2358 verticem
472 2315 572 2379 usque
600 2291 731 2356 volverit
768 2314 895 2369 saxum,
928 2293 1005 2380 quiu
1034 2293 1066 2356 iu
1095 2294 1212 2358 vertice
1243 2294 1331 2356 stite-

218 2402 279 2476 rit,
310 2401 353 2463 ita
383 2410 417 2462 ut
445 2399 477 2463 iu
508 2420 544 2461 eo
574 2409 670 2474 esset,
693 2409 729 2462 ut
760 2413 870 2463 saxum
891 2398 1179 2486 minimoquodam
1208 2400 1332 2483 impul-

217 2529 270 2582 su,
296 2504 364 2568 sine
384 2505 450 2568 ullo
482 2506 550 2567 fere
581 2505 713 2581 labore,
743 2505 902 2595 gravitatis
936 2507 967 2569 ri
994 2518 1119 2582 actum,
1156 2505 1196 2568 ab
1233 2506 1334 2570 altera

112 2617 115 2624 '
216 2623 305 2696 parte
330 2611 444 2674 montis
473 2609 693 2674 devolveretur
724 2601 755 2674 et
787 2635 842 2676 sua
875 2613 971 2697 ipsius
1004 2613 1033 2676 vi
1061 2613 1139 2696 lapis
1169 2621 1251 2696 opus
1281 2612 1331 2674 Si·

215 2715 307 2802 syphi
336 2714 385 2802 (ut
416 2726 555 2780 montem
587 2713 759 2801 trajiceret)
808 2717 976 2802 impleret,
1026 2718 1131 2804 quod,
1179 2718 1328 2803 inquam,

217 2824 248 2886 in
287 2844 323 2885 eo
355 2821 421 2906 ipso
454 2834 612 2886 momento
646 2825 780 2887 recurrit
820 2845 949 2889 saxum:
985 2825 1027 2888 ita
1066 2824 1166 2887 omnis
1209 2822 1323 2886 effusus

219 2929 319 2992 labor.
376 2927 444 2991 Hoc
487 2940 517 2992 et
547 2929 701 2993 Homerus
742 2930 800 2992 sibi
836 2929 933 2993 voluit
969 2928 1122 3006 dicendo:
1166 2918 1234 2994 ἀλλ’
1273 2914 1327 2991 ὅτε

220 3032 333 3116 μέλλοι
346 3023 450 3121 ἄκρον
459 3024 687 3121 ὑπερβαλέειν,
706 3023 772 3098 τότ’
786 3024 1041 3126 ἀποστρέψασκε
1060 3021 1211 3125 apoaaal'e
1228 3022 1328 3114 αὖτις.

217 3137 278 3201 Sed
304 3159 403 3223 quum
435 3139 467 3200 in
493 3160 529 3202 eo
557 3150 653 3216 esset,
674 3151 709 3203 ut
725 3140 792 3222 jam
811 3139 969 3223 trajiceret
993 3153 1130 3206 montem
1151 3163 1325 3220 summum,

222 3256 300 3308 tuuc
321 3244 417 3308 moles
446 3267 552 3308 rursus
575 3246 767 3311 recurrebat.

265 3350 311 3414 Ita
337 3371 441 3414 versus
469 3351 727 3438 distinguendus:

242 3581 385 3635 aucum,
409 3555 496 3644 quod
515 3569 648 3639 tomen,
676 3557 713 3620 iar
745 3579 874 3622 samaro
885 3560 968 3645 jum
992 3562 1132 3636 vertice,
1156 3580 1303 3626 cursum.

266 3770 354 3834 Patet
375 3769 458 3832 enim
476 3769 647 3852 paullisper
666 3767 896 3832 subsistendum
919 3790 984 3830 esse
1003 3768 1034 3830 in
1057 3765 1123 3831 bis:
1144 3771 1181 3831 a'u
1202 3791 1328 3832 summo

211 3879 294 3963 jam
314 3876 445 3939 vertice.
494 3872 640 3938 Ceterum
665 3895 933 3958 supervacaneum
952 3875 1018 3937 fere
1039 3853 1162 3938 videtui
1184 3897 1326 3953 mouere,

220 3997 315 4068 quam
348 3992 439 4063 apte,
472 4001 565 4066 quam
596 3981 722 4067 egregie
763 3981 926 4046 bucretius
967 3979 1060 4044 etiam
1101 4001 1249 4045 sonorum
1277 4003 1328 4045 er·

222 4103 310 4156 torua
339 4087 512 4150 imitatione
546 4085 774 4170 pulcherrimos
798 4089 868 4151 illos
899 4086 1025 4150 Homeri
1057 4107 1162 4150 versus
1191 4088 1224 4151 in
1250 4088 1326 4152 Lati·

219 4218 292 4262 nam
320 4193 448 4258 verterit
480 4193 641 4280 linguam,
664 4188 769 4260 itaut
795 4207 826 4259 et
853 4192 970 4278 pedum
1005 4191 1136 4256 varietas
1161 4204 1192 4256 et
1222 4194 1324 4258 verbo·
1414 4253 1415 4294 q

219 4320 289 4368 rum
325 4299 521 4386 singulorum
543 4322 659 4378 sonus,
687 4302 844 4388 totiusque
865 4300 926 4366 loci
946 4311 1091 4365 externus
1114 4299 1190 4363 ordo
1209 4301 1326 4384 perlec-
1414 4295 1415 4382 l

221 4421 253 4474 te
284 4405 491 4492 respondeant
518 4407 648 4494 imagini
668 4406 836 4474 laborantis
861 4407 1005 4495 Sisyphi,
1027 4407 1218 4472 recurrentis
1249 4408 1322 4472 sarit
