2920 5044
754 355 801 417 5ss

223 554 367 638 pollentia
397 552 612 635 simplicitate”
647 550 666 610 i.
690 570 716 609 e.
749 557 782 609 ut
812 568 847 608 ex
869 558 969 610 nostro
990 549 1057 612 loco
1080 551 1249 633 explicem:
1275 548 1335 612 bo·

221 681 291 721 rum
314 660 353 722 vis
375 659 430 720 sita
455 667 498 720 est
518 657 551 718 in
576 655 721 718 brevitate
745 653 890 737 corporis.
991 639 992 643 ¹

269 770 309 840 2,
334 766 410 828 490.
458 764 592 846 Vulgata
614 762 706 824 lectio
733 757 940 844 formarum
968 779 1041 822 cum
1070 760 1226 824 codicibus
1254 760 1338 827 Vos-

220 872 308 934 sianis
335 871 393 959 (Y,
419 867 456 955 Z)
489 879 626 931 mutetur
647 868 680 930 in
693 863 844 950 formai.
892 866 1003 929 Sensus
1020 867 1115 930 enirn
1137 877 1201 930 est:
1233 888 1337 953 quoe-

221 998 293 1040 nam
307 977 343 1039 sit
359 998 412 1039 sua
424 974 549 1060 formo
566 975 681 1060 cuique
699 973 833 1056 partium
850 970 1047 1056 disposituras
1068 971 1204 1059 (ordini).
1231 972 1338 1059 Quis·

222 1107 284 1169 qoo
315 1105 388 1168 ergo
421 1082 547 1168 requirit
578 1081 764 1163 singularem
791 1077 938 1162 forma.-
971 1079 1103 1164 quisque
1133 1078 1206 1142 ordo
1238 1100 1336 1144 uuam

220 1187 412 1258 solummodo
444 1185 538 1249 habet
562 1186 701 1248 formam.
749 1183 816 1246 Non
849 1183 947 1246 obstat
966 1204 1066 1245 versus
1088 1185 1171 1258 495,
1198 1185 1338 1270 quamvis

222 1306 253 1358 et
284 1295 327 1357 ibi
346 1292 488 1379 formai
512 1291 604 1376 possit
629 1291 719 1368 ferri3
755 1311 827 1352 narn
850 1290 974 1351 aliaest
1002 1288 1067 1371 ejus
1091 1292 1185 1363 ratio,
1216 1290 1336 1373 inquo

221 1401 337 1486 qnippe
371 1420 471 1462 sermo
505 1409 549 1461 est
578 1396 616 1459 de
648 1395 847 1460 subsecutivis
874 1396 1002 1490 formis,
1032 1397 1156 1459 mutatis
1180 1416 1235 1480 pro
1257 1416 1336 1480 aug·

221 1506 304 1567 mine
327 1505 471 1588 partium.
518 1503 586 1586 lpse
614 1502 705 1564 etiam
738 1499 925 1590 Lambinus,
955 1511 1063 1563 acutus
1094 1502 1164 1574 ille,
1199 1501 1272 1565 licet
1303 1501 1335 1563 in

222 1613 261 1673 2⁹·
283 1608 414 1672 editione
429 1606 633 1692 formarum
655 1607 826 1691 scripserit,
862 1627 892 1669 se
916 1606 1078 1669 lectionem
1102 1606 1207 1690 prioris
1227 1605 1335 1670 editio·

221 1717 268 1779 nis
282 1713 424 1800 formai
443 1734 572 1776 asserere
595 1711 765 1796 profitetur.

268 1827 307 1896 2,
334 1820 409 1882 499.
457 1817 624 1897 Quamvis,
657 1814 742 1901 quod
763 1813 908 1900 Forbiger
937 1817 1068 1901 scripsit:
1101 1839 1168 1880 esee
1184 1815 1335 1901 probaro

220 1928 241 1989 i.
272 1947 299 1990 e.
330 1925 371 1987 ita
400 1945 461 1986 esse
496 1934 531 1985 ut
564 1921 705 2006 probari,
740 1923 838 1984 evinci
874 1923 982 2004 possit3
1019 1921 1165 1986 idoneum
1201 1924 1336 2007 prolecto

220 2050 342 2094 ‘sensum
374 2039 524 2111 praestat,
558 2026 732 2090 adversatur
763 2038 865 2090 tamen
899 2029 1038 2090 omnium
1056 2028 1199 2091 codicum
1220 2029 1333 2104 lectio,

219 2157 315 2220 porse
341 2133 489 2219 probare
505 2134 735 2212 scribentium3
767 2155 848 2219 quae
883 2144 913 2196 ct
953 2134 1016 2218 ipsa
1047 2133 1115 2196 satis
1143 2136 1336 2220 perspicuam

221 2242 330 2326 recipit
356 2241 612 2324 explicationem;
638 2238 718 2302 hanc
741 2260 868 2322 nempe:
905 2241 985 2302 »cui
1006 2241 1173 2303 sententiae
1191 2240 1259 2324 jam
1278 2261 1334 2303 su-

221 2371 276 2432 pra
293 2346 387 2410 docui
409 2367 459 2409 me
477 2367 538 2410 non
555 2367 639 2430 posse
655 2346 823 2409 assentiri.”
855 2343 1009 2410 Probare
1029 2367 1084 2430 pro
1102 2346 1334 2432 comprobare,

137 2523 141 2528 .
226 2463 344 2516 ratum
377 2450 497 2514 babere
529 2461 590 2529 est;
626 2472 677 2512 mo
709 2450 885 2535 neglectum
914 2473 998 2514 more
1018 2451 1217 2515 Graecorum.
1264 2451 1336 2515 Hro-

221 2559 364 2621 *mantua
394 2557 436 2618 ita
469 2577 518 2619 eos
549 2557 680 2632 refellit,
696 2558 767 2642 'qui
804 2557 844 2620 ab
883 2568 1053 2622 atomorum
1088 2567 1173 2642 parte
1204 2567 1333 2632 stantes,

223 2684 331 2726 eorum
364 2672 466 2723 tamen
500 2661 719 2724 maximitatem
762 2659 949 2738 defendunt,
992 2663 1170 2748 ceteroquin
1211 2647 1335 2747 Epicuri

225 2768 406 2832 sententiam
428 2777 598 2853 sequentes.

268 2876 309 2950 2,
330 2876 417 2946 339„
453 2873 629 2937 Lectionem
660 2873 816 2959 vulgatam
850 2886 880 2938 et
913 2877 952 2940 ab
985 2876 1127 2939 omuibus
1160 2886 1333 2960 receptam:

224 2992 265 3044 ut
286 3003 388 3066 noque
403 2978 512 3060 finio,
536 2981 592 3042 oti
613 2978 712 3041 docui
718 3027 730 3061 ,
761 3001 865 3064 raeque
885 3003 1018 3045 sommo
1041 2984 1091 3044 eit
1114 2981 1213 3044 ullo.-
1243 2984 1335 3044 tacite

224 3108 292 3153 sec.¹
308 3087 402 3150 libros
431 3085 575 3170 Forbiger
607 3087 735 3148 mutavit
765 3087 817 3148 in:
843 3096 883 3148 nt
915 3109 1027 3172 nequo¹
1043 3086 1136 3172 finio
1164 3098 1205 3150 ut
1238 3085 1336 3150 docui

224 3203 304 3266 eto,
336 3213 397 3254 uon
431 3189 532 3254 videns
554 3191 694 3253 nltimam
719 3191 866 3276 syllabam
887 3193 917 3254 in
931 3191 1025 3278 finis
1044 3215 1105 3255 esse
1131 3193 1253 3257 brevem
1277 3213 1334 3257 uec

146 3321 149 3324 ·
224 3318 308 3382 posse
340 3294 478 3379 produci.
525 3297 576 3358 Sic
604 3299 668 3358 513
701 3298 788 3360 initio
819 3297 917 3360 »finis
950 3300 1107 3383 utrimque
1136 3309 1219 3362 tenet
1252 3320 1334 3362 surn-

115 3453 124 3479 ,
224 3407 342 3466 rnam.'’
390 3400 556 3486 Autfinea
577 3401 763 3486 legendum,
800 3415 854 3467 aut
885 3407 942 3466 oti
972 3405 1215 3481 restituendum,
1251 3396 1334 3489 quod

224 3509 379 3594 praefero,
414 3517 448 3568 ut
469 3505 544 3569 haec
562 3509 732 3591 particula,
768 3509 980 3572 adverbialiter
996 3512 1110 3594 posita,
1131 3510 1335 3594 distinguatur

223 3618 264 3680 ab
287 3626 348 3688 nt,
372 3614 459 3696 initio
485 3633 582 3674 versus
606 3615 780 3697 copulative
802 3613 951 3678 adhibita.

270 3723 312 3796 2,
334 3721 409 3784 455.
456 3720 492 3781 In
515 3721 579 3802 ipso
601 3742 707 3797 versu,
745 3721 797 3784 ubi
828 3721 936 3785 desiuit
958 3721 1098 3808 Gottorp.
1122 3723 1234 3798 codex,
1263 3743 1334 3787 cum

224 3827 375 3896 Vossiauis
409 3823 611 3910 pluribusque
633 3827 696 3911 ipse
720 3827 841 3892 exhibet
862 3828 1064 3912 perculsos3
1089 3849 1146 3892 nec
1171 3829 1257 3892 video
1281 3849 1336 3891 cur

225 3956 286 3996 non
309 3954 344 3994 ex
368 3931 511 3994 codicum
532 3932 713 3994 auctoritate
737 3931 796 3996 hoc
829 3935 955 3997 verbum
984 3937 1158 4018 recipiatur.
1208 3933 1334 3997 Porou-

157 4041 162 4054 '
227 4039 299 4102 true
319 4035 446 4120 quidem
477 4035 662 4099 substantive
693 4035 778 4119 apud
809 4037 911 4126 bonos
936 4049 1075 4102 auctores
1104 4060 1165 4102 nou
1187 4039 1336 4125 reperitur

224 4144 275 4208 sed
296 4141 389 4205 semel
412 4151 514 4202 tamen
539 4142 650 4226 legitur
676 4143 757 4226 apud
788 4143 1012 4207 Tertullianum
1044 4144 1093 4232 (de
1115 4145 1246 4220 Anima,
1266 4166 1333 4229 cap.

227 4247 305 4334 52),
327 4245 481 4310 assiduum
503 4245 636 4310 Lucretii
655 4249 857 4323 imitatorem,
880 4270 973 4333 quern
1004 4250 1130 4313 verbum
1151 4248 1211 4312 hoc
1232 4270 1333 4316 rarum

226 4381 242 4420 a
265 4354 377 4418 dilecto
399 4359 489 4435 poeta
510 4352 686 4416 desumsisse
708 4375 769 4417 uon
795 4365 838 4417 est
861 4355 1050 4421 incredibile.
1079 4357 1120 4424 cl.
1144 4357 1272 4420 Haverc.
1296 4356 1333 4420 ad

226 4467 266 4537 2,
291 4461 350 4522 531
371 4456 517 4541 protelo.
564 4458 601 4519 Et
632 4459 756 4523 omnino
784 4461 883 4544 aptius
919 4471 961 4524 est
993 4460 1050 4525 hoc
1079 4463 1148 4525 loco
1173 4448 1327 4538 verbum,
