2874 5048
643 350 687 411 tu

162 551 192 623 3,
208 546 375 610 1070-72.
434 543 600 606 Distinotio
638 544 763 626 vutgau
803 545 931 608 omnino
981 548 1128 614 mutanda
1160 563 1224 627 est,

117 656 180 716 sive
201 673 274 716 cum
295 649 524 736 antiquioribus
556 647 728 711 editoribus
742 650 867 733 plenam
890 655 1028 735 posueris
1049 654 1227 721 distinotio-

50 759 53 764 ’
119 781 190 823 nem
211 769 281 843 post
302 756 512 820 videmuavs.
543 757 651 831 1070,
672 755 820 818 sirenum
836 756 1049 822 Wakefieldio
1069 773 1099 824 et
1119 763 1227 827 110101-

120 888 195 952 gero
217 863 333 928 ibidem
350 862 415 926 duo
432 873 549 946 puncta
562 859 574 947 (
584 856 627 945 :.)
675 862 798 924 Etenim
820 863 906 945 prior
925 863 1084 930 distinctio
1102 889 1228 952 prorsus

117 970 252 1037 absurda
268 983 334 1046 est,
356 969 475 1032 infinita
494 971 635 1032 oratione
654 969 802 1045 artaeire,
825 989 1001 1054 quaerere,
1023 986 1229 1038 commutare

118 1079 202 1143 nude
237 1077 359 1162 posita,
388 1097 487 1162 quum
509 1075 672 1138 manifesto
703 1075 767 1158 ipsa
790 1075 922 1158 pendeat
944 1078 984 1142 ab
1010 1081 1229 1147 antecedenti·

119 1188 196 1260 bus;
240 1205 277 1248 ex
316 1183 480 1267 posteriori
509 1193 613 1245 autem
636 1180 891 1266 interpunctione
923 1184 1092 1249 concludas
1121 1209 1227 1252 versus

123 1297 204 1360 1071
232 1293 264 1354 o
287 1294 306 1354 2
329 1289 468 1375 pendere
500 1290 540 1352 ab
569 1291 623 1351 ito
651 1291 760 1351 vitam
791 1303 950 1376 agerent,
989 1290 1048 1356 030
1089 1295 1225 1360 ratione:

119 1401 173 1462 ito
198 1409 236 1461 01
266 1397 649 1481 nesciant-*quoerant
661 1443 668 1470 ‚
682 1407 956 1472 —oommoteat‚
977 1399 1062 1484 quod
1086 1401 1225 1478 131001ος

122 1527 192 1568 nam
247 1503 421 1567 necessario
460 1501 660 1565 scribendum
682 1503 762 1565 foret
803 1503 908 1566 velint
943 1501 1058 1592 (1071)
1088 1509 1225 1590 possint

102 1607 265 1702 Ι(1072),
296 1610 352 1672 uisi
393 1608 569 1690 subjectum
615 1609 701 1671 verbi
738 1612 846 1692 poerit
877 1593 1150 1676 arcessorovoiis
1189 1635 1226 1677 ex

123 1718 249 1793 locum,
283 1715 368 1802 quod
391 1714 517 1779 durum
566 1715 748 1790 Praeterea,
779 1714 840 1779 boo
867 1716 965 1792 13010,
988 1720 1228 1804 0000031013-

122 1823 251 1887 rendum
278 1833 355 1885 esset
388 1820 425 1884 ad
455 1821 602 1894 tertium,
640 1822 737 1886 alium
777 1841 870 1906 quam
902 1823 956 1908 qui
986 1826 1103 1902 nescit,
1143 1825 1229 1911 quod

118 1941 226 2015 aperto
263 1948 465 2016 perversum,
507 1927 677 2010 praecipue
718 1927 743 1989 si
788 1949 948 2013 compares
988 1932 1078 1993 rerba
1116 1931 1229 1996 similia

119 2037 211 2099 Ennii
239 2033 321 2118 apud
354 2033 389 2098 A.
418 2033 501 2098 Gell.
536 2035 634 2110 19,10
674 2034 803 2097 »otioso
837 2036 926 2098 initio
956 2036 1077 2100 animus
1108 2039 1226 2115 nescit,

124 2141 197 2228 quid
220 2142 317 2204 velit''
339 2140 407 2204 soil.
429 2140 497 2223 ipse
518 2139 651 2204 animus.

166 2247 226 2310 Sed
256 2248 400 2320 neeriae,
428 2267 610 2330 ,quaerere‚
630 2257 835 2308 commutare
864 2247 1001 2331 pendent
1028 2270 1044 2310 a
1079 2248 1228 2313 videmus

124 2349 258 2439 (1070),
280 2351 340 2415 000
372 2373 482 2415 sensu:
515 2351 655 2414 ridemus
692 2374 851 2438 quemque
884 2355 1022 2430 nescire,
1062 2355 1139 2440 quid
1170 2356 1228 2419 sibi

125 2461 219 2535 velit,
252 2470 283 2523 et
305 2469 408 2522 tamen
434 2479 556 2542 semper
575 2480 746 2546 quaerero,
768 2481 928 2545 quemquo
958 2472 1151 2525 commutare
1180 2463 1227 2525 10-

119 2589 214 2641 oum,
245 2565 332 2651 quasi
363 2566 433 2628 ioco
462 2576 652 2628 commutato
684 2565 779 2649 possit
821 2587 898 2628 onus
927 2565 1084 2652 deponere
1118 2565 1229 2654 (Hora-

120 2674 152 2736 tii
188 2671 338 2735 imitatio:
374 2672 527 2734 »ooalum
569 2692 632 2734 non
675 2673 815 2736 animum
862 2684 1001 2750 mutant,
1050 2675 1104 2759 qui
1144 2686 1227 2740 trans

119 2800 204 2842 maro
235 2767 418 2854 currunt’').
466 2779 549 2862 Ergo
580 2798 700 2841 comma
732 2789 866 2860 ponatur
904 2790 972 2860 post
995 2779 1156 2847 videmur.

167 2885 235 2947 Non
264 2896 367 2947 tamen
399 2896 444 2947 est
474 2895 509 2946 ut
541 2895 659 2947 taceam
689 2883 764 2975 mibi
793 2883 931 2947 arridere
966 2882 1047 2948 0300
1082 2906 1226 2951 versuum

120 2992 326 3076 posteriorum
348 2991 533 3065 lectionem,
560 3001 678 3073 puncto
699 3001 767 3072 post
788 2990 935 3054 videmus
959 2991 1078 3074 posito:
1115 2991 1229 3072 »Quid

120 3098 178 3161 sibi
204 3099 338 3182 quisquo
368 3096 463 3172 vetit,
501 3098 635 3160 nesciret
669 3096 827 3177 (oodic'est
851 3094 971 3160 nescire
996 3094 1038 3180 et)
1074 3120 1227 3183 quaerere

119 3207 278 3286 somper’'.

165 3307 318 3372 Nesciret
352 3330 511 3395 quaerere
547 3311 568 3375 i.
604 3331 630 3374 e.
675 3332 737 3373 non
772 3320 956 3394 quaereret,
989 3310 1034 3372 011
1062 3309 1226 3374 Horatius:

10 3463 11 3478 r
121 3415 265 3480 »cedere
295 3416 466 3491 nescius’',
500 3417 555 3501 qui
582 3437 643 3479 non
667 3415 768 3494 oedit3
790 3414 828 3478 ad
859 3416 961 3481 Pison.
983 3419 1068 3480 390:
1101 3417 1229 3481 »nescit

122 3543 177 3584 vox
200 3522 288 3583 missa
314 3518 462 3585 r'everti.”
951 3591 959 3608 r

166 3627 255 3689 Tunc
284 3646 406 3688 versum
433 3627 517 3688 1072
541 3627 679 3710 jungere
703 3627 797 3690 velim
817 3627 1041 3711 sequentibus,
1070 3624 1130 3688 boo
1156 3647 1229 3689 sen·

120 3753 175 3794 su:
222 3730 309 3816 quasi
356 3733 559 3795 commutatio
592 3733 654 3795 1001
696 3731 902 3824 (commutare
941 3733 1066 3806 locum,
1106 3730 1227 3794 infinita

120 3836 218 3898 oratio
251 3856 308 3920 pro
343 3835 485 3916 subjecto
532 3834 673 3920 definito)
703 3837 798 3921 possit
839 3835 996 3920 deponere
1036 3857 1133 3914 onus,
1167 3838 1229 3899 exit

120 3963 212 4025 saepe
246 3952 305 4004 etc.
335 3940 387 4004 sed
419 3942 535 4027 cuique
563 3943 696 4007 liberum
734 3941 794 4006 hac
822 3942 862 4007 de
890 3964 923 4005 ro
944 3941 1100 4024 judicium
1135 3942 1229 4006 relin-

123 4066 205 4131 qu⁰3
231 4046 356 4130 vulgata
377 4044 484 4124 habet,
503 4069 566 4132 quo
582 4070 616 4111 se
632 4047 787 4114 (10100031.
832 4049 994 4134 Ingratum
1015 4058 1118 4110 tamen
1139 4070 1231 4135 asyn-

42 4207 45 4214 .
119 4151 234 4228 daton,
265 4152 349 4236 quod
369 4153 401 4214 in
431 4153 556 4239 vulgata
582 4153 688 4229 adest,
718 4155 845 4216 nescire
866 4166 896 4216 et
925 4175 1104 4240 proterere,
1135 4174 1229 4215 oom-

120 4268 255 4322 mntore
276 4256 317 4320 ita
346 4259 485 4324 tollatur.

168 4364 310 4440 3‚1084.
370 4364 501 4431 Videtur
526 4363 603 4428 mibi
643 4364 813 4450 legendum
852 4365 1008 4452 queisque
1044 4364 1066 4429 i.
1098 4385 1127 4428 e.
1157 4384 1228 4428 om-

122 4470 237 4545 nibus,
272 4492 481 4560 quaeeunque
518 4484 609 4551 sunt;
661 4473 802 4557 loquitur
845 4472 928 4534 enim
965 4478 1056 4555 potita
1094 4468 1133 4533 de
1171 4491 1226 4548 eo,
