2920 5044
682 366 726 428 t7

148 573 217 624 tum
252 556 322 648 (1),
353 559 547 623 obscuritatis
573 559 748 644 inscriptis
776 581 898 638 amaus,
932 563 1038 649 ignem
1071 566 1260 654 principium

149 668 291 733 omnium
309 687 414 731 rerum
431 687 496 730 esse
512 664 769 750 pronuntiaverit.
820 668 921 732 Sed
898 691 922 732 st
942 671 1135 737 attendamus
1155 674 1194 741 ad
1214 698 1261 740 ra·

148 777 264 840 tionem
281 795 362 859 qua,
384 774 585 858 corporaliter
606 785 634 837 el
654 772 797 860 physice,
819 775 1034 841 conversiones
1057 766 1178 865 (πυρὸς
1185 802 1261 866 τρο·

148 875 234 962 στάς,
251 871 457 967 μεταβολάς)
491 890 521 942 et
552 879 584 942 iu
615 878 690 942 alias
723 901 771 942 res
800 880 940 943 abitus
932 882 1013 967 ignis
1043 874 1260 970 (ἀλλοιώσεις)

149 987 281 1073 explicat
303 1009 370 1071 per
397 983 478 1071 ignis
510 992 628 1045 motum
659 1005 778 1046 sursum
811 984 1017 1072 deorsumque
1048 977 1196 1073 (636st
1173 1012 1259 1069 ανω,

146 1089 249 1187 κάτω)
275 1107 305 1160 et
330 1089 553 1158 exhalationem
580 1097 674 1171 atque
708 1089 941 1154 rarefactionem
980 1083 1259 1180 (ἀναθνμὶσσις),

147 1210 171 1272 εἰ
205 1214 384 1291 reputemus
412 1193 606 1260 Heiaclitum
625 1194 747 1277 nonnisi
771 1205 890 1260 motum
915 1209 946 1261 et
973 1198 1127 1261 actionem
1155 1221 1259 1264 revera
1347 1247 1350 1253 .

148 1335 211 1378 esse
239 1310 408 1374 declarasse
438 1291 581 1389 (κίνησιν
601 1305 669 1377 τοῖς
695 1297 799 1366 πᾶσιν
821 1293 976 1370 ἀπεδίδου
1008 1306 1090 1371 Plut.
1116 1305 1162 1370 de
1177 1307 1257 1392 plac

146 1418 225 1504 phil.
253 1422 290 1491 l,
313 1408 389 1496 13),
419 1409 559 1494 quemvis
590 1401 695 1469 sensus
726 1405 808 1470 hanc
837 1419 957 1472 molum
981 1432 1043 1474 uon
1067 1411 1257 1497 percipiant,

149 1524 203 1614 (cl.
236 1521 322 1611 φασὶ
354 1512 541 1588 κινεῖσθαι,
572 1541 615 1554 -·
650 1501 762 1577 πάντα
784 1534 841 1575 και
867 1503 937 1592 tier,
959 1505 1044 1580 ἇλλὰ
1073 1507 1260 1584 λανθάνειν

146 1625 243 1696 votivo
274 1617 335 1703 rip
357 1614 518 1708 ἡμετέραν
544 1615 708 1695 αἴσθησιν
729 1615 823 1682 Arist.
847 1616 933 1703 phys.
959 1621 1000 1695 8,
1037 1619 1092 1705 3);
1119 1622 1184 1684 lulli
1209 1620 1256 1686 rel

146 1731 359 1808 acutissimum
380 1723 522 1790 omnium
540 1742 680 1797 sensum,
700 1721 799 1784 visum
822 1722 924 1808 (Diog.
943 1723 977 1789 L
996 1726 1034 1800 9,
1054 1729 1074 1788 7
1098 1719 1159 1805 τὴν
1178 1715 1258 1816 iipa-

147 1860 201 1905 σιν
214 1828 413 1950 ψεύδεσθαι
431 1825 917 1909 ct.Sext.Emp.7,126:
963 1833 1061 1896 κακοὶ
1095 1823 1258 1922 μάρτυρες

145 1933 378 2060 ἀνθρώποισιν
397 1928 576 2024 ὀφθαλμοὶ
592 1933 648 1995 καὶ
666 1915 734 1994 ὦτα
744 1924 937 2020 βαρβάρους
953 1928 1063 2024 ψυχὰς
1078 1927 1256 2023 ἐχόντωνς)

145 2044 417 2113 omniacontiuuo'
435 2038 548 2103 mutari
575 2047 605 2099 et
635 2036 730 2100 dilabi
766 2036 857 2125 (Plat.
880 2039 960 2106 Crat
987 2063 1017 2125 p.
1050 2043 1113 2105 402
1145 2041 1257 2126 »λέγει

144 2175 209 2218 που
227 2141 464 2268 prinlssrcc‚
485 2132 537 2209 ὅτι
567 2132 680 2206 πάντα
702 2145 805 2230 χωρεῖ
822 2145 878 2207 καὶ
906 2135 999 2209 οὐδὲν
965 2139 1148 2231 ἑμένει),ο
1181 2147 1256 2215 haec

144 2257 245 2322 omnic
283 2255 308 2319 si
343 2252 556 2321 conseramus,
573 2247 810 2337 perspicimus,
841 2247 917 2331 quid
947 2249 1005 2312 sibi
1034 2251 1106 2313 velit
1134 2250 1255 2316 dictum

142 2360 220 2425 illud
248 2357 418 2424 Aristotelis
445 2353 485 2418 de
512 2354 572 2419 An.
608 2354 642 2428 l,
677 2351 714 2415 2:
743 2344 966 2443 Ἡράκλειτος
995 2355 1030 2419 δὲ
1061 2377 1121 2422 τνν
1150 2347 1256 2444 ἇρχην

142 2454 227 2532 εἶναί
250 2484 335 2554 φησι
360 2455 420 2542 τὴν
440 2451 560 2553 ψυχὴν

191 2569 229 2634 V
227 2568 359 2633 ividem
384 2567 504 2632 scilicet
526 2566 594 2627 aim
614 2563 788 2628 Heraclitus
810 2565 904 2628 'sensit
921 2587 985 2630 nun
1005 2577 1123 2630 tantum
1148 2588 1254 2632 omncs

147 2698 194 2741 res
220 2687 396 2762 penetrare,
437 2684 472 2737 ut
500 2671 615 2735 animal
653 2672 770 2747 vitam,
803 2671 854 2734 sed
886 2694 932 2735 res
966 2673 1045 2756 ipsas
1085 2695 1170 2752 esse,
1203 2695 1255 2744 eas

143 2782 347 2859 constituore3
367 2778 591 2863 materiamque
611 2774 689 2838 nihil
721 2777 805 2840 aliud
836 2799 916 2854 esse,
945 2797 1039 2862 quarn
1063 2781 1184 2866 agentis
1210 2781 1281 2854 it-‚

141 2889 201 2951 lius
230 2885 375 2971 principii
407 2881 670 2946 manifestationes
697 2892 727 2944 et
752 2883 889 2948 actiones
918 2882 951 2946 in
981 2895 1099 2947 nostros
1134 2907 1249 2951 sensus.

138 2994 204 3058 Nee
233 3005 334 3056 tamen
360 2990 422 3054 rim
452 2989 538 3051 illam
563 2986 714 3064 viridam,
740 2979 778 3052 τὸ
803 2985 872 3054 πᾶν
894 2989 1156 3068 constituentem,
1183 2992 1251 3055 ubi·

138 3120 199 3184 quo
229 3119 323 3162 uuam
352 3095 546 3178 eandemque
584 3115 648 3157 csse
685 3093 808 3170 statuit,
846 3096 898 3159 sed
931 3095 1025 3160 varias
1053 3095 1249 3164 multifarias·

168 3399 211 3464 (1)
246 3399 421 3450 Vehementer
437 3391 556 3462 ipsiusve
566 3398 701 3459 increpans
715 3397 845 3448 inducitur
865 3398 892 3446 in
910 3397 960 3447 hoe
981 3363 1109 3462 epigram:

330 3522 448 3595 Hporrdt
449 3545 489 3583 τος
504 3521 558 3593 ἔγεντ’·
576 3545 601 3575 τι
617 3543 649 3590 με
665 3521 700 3575 ὧν
718 3523 785 3576 κάτω
805 3521 911 3578 ’ἕλκετ’
894 3544 1008 3592 astercum

337 3602 422 3672 Οὗχ
410 3612 469 3672 υμῖν
485 3603 604 3670 ἐπόνουν,
618 3603 745 3666 τοῖςὸ”’
709 3628 741 3674 εμ
760 3607 936 3674 ἐπισταμένοις.

336 3683 410 3746 [εἷς’
399 3709 453 3756 epos
469 3685 600 3759 ανθρωπσς
614 3687 754 3760 τρισμύριοι,
770 3686 864 3742 old''
850 3684 918 3759 ordpt
920 3695 980 3756 θμοι

338 3767 431 3829 Οῧδείς·
451 3775 516 3823 ταῦτ
534 3769 602 3823 aridei
617 3775 656 3823 noi
674 3793 746 3842 raupa
736 3767 903 3842 Περσεφόνῃ.

129 3911 203 3960 Haec
220 3863 405 3972 epigrammate
425 3906 536 3956 desumsi
555 3921 589 3954 ex
608 3907 720 3956 editione
737 3906 914 3956 Meibomiene
930 3905 1058 3970 Diogenis
1074 3906 1184 3968 Laertii,
1202 3923 1241 3958 re·

130 3996 285 4052 cautiorem,
309 3991 352 4040 ubi
378 3992 444 4040 forte
467 3990 643 4039 emendatiore
663 3992 795 4054 leguntur,
821 4003 971 4052 comparere
997 3990 1060 4039 mihi
1085 4005 1138 4040 non
1158 3992 1240 4056 potui.

88 4075 266 4125 Μετιῖῖσεῐο
284 4082 351 4124 certe
368 4090 402 4139 pe
402 4081 438 4123 tet
454 4067 521 4121 κάτω
539 4089 597 4123 cum
614 4092 682 4139 παρα
677 4066 837 4141 Περσεφόνη
851 4087 980 4137 pugnare,
1002 4080 1045 4122 eut
1058 4075 1171 4138 primum
1183 4091 1239 4126 ver-

125 4175 182 4210 sum
200 4173 256 4208 csse
270 4164 427 4222 corruptum.
463 4157 495 4206 In
509 4157 591 4220 primo
612 4159 680 4207 enim
697 4172 773 4206 versu
791 4158 892 4206 videtur
909 4158 1054 4207 Heraclitus
1073 4158 1141 4221 apud
1155 4157 1236 4222 Supe-

123 4256 165 4293 ros
118 4241 312 4373 degere,
304 4256 333 4290 rn
348 4239 463 4290 ultimo
455 4254 484 4287 m
499 4239 599 4288 Inferis.
612 4230 1236 4303 sumamma-mmmm

118 4324 285 4390 mquid„
300 4338 342 4372 me
356 4323 496 4384 lacessitis,
516 4329 544 4370 ut
561 4325 593 4373 ab
610 4311 697 4374 inieris
715 4322 853 4373 reverter.''
887 4322 1044 4373 Goethius
1035 4337 1062 4371 1u
1086 4323 1166 4386 epigr.
1187 4329 1234 4373 12:

124 4407 240 4472 „Mache
260 4407 307 4456 der
324 4405 485 4456 Schwirmer
502 4405 557 4454 sich
575 4404 696 4467 Schiiler,
714 4407 762 4456 wic
781 4405 851 4456 Send
868 4420 911 4454 em
927 4404 1032 4466 Meere,
1051 4404 1097 4454 der
1114 4402 1184 4455 Send
1201 4407 1236 4456 ist

225 4515 259 4526 -
276 4489 360 4552 Seno,
379 4490 421 4539 die
435 4489 515 4539 ‚Perle
533 4490 570 4540 sei
587 4491 669 4551 mein,
689 4489 737 4550 du,
757 4504 772 4539 ο
789 4489 962 4552 remiinftiger
978 4489 1112 4538 Freundl”
1283 4491 1285 4496 ’

1041 4575 1061 4634 2
