2920 5044
634 341 691 414 {97

117 551 199 609 runt.
247 540 355 604 Primo
385 537 468 602 enim
498 535 576 600 illud
608 546 778 621 postremo
808 537 944 605 offendit.
998 543 1035 606 In
1056 541 1115 608 hoo
1138 546 1228 620 loeo,

81 711 86 718 ,
117 635 292 722 tut-905,
316 643 369 708 ubi
400 644 434 707 iu
458 643 589 706 transitu
611 643 724 706 refutat
749 643 826 707 illud
860 665 877 707 »
890 647 1033 713 omnibus
1053 650 1143 714 rebus
1160 673 1231 714 om-

117 777 172 820 nes
204 773 252 817 res
289 749 442 814 immixtas
483 749 625 812 latitare”
667 749 761 812 nullis
800 753 1043 817 enumerationis
1074 755 1233 839 particulis
1327 834 1330 840 Ι

117 862 238 937 utitur,
261 877 364 942 neque
391 849 449 919 hae
475 854 603 920 omnino
620 865 693 917 sunt
712 855 902 920 necessariae
922 856 1055 944 (brevior
1078 861 1161 924 enim
1190 872 1235 925 est

119 968 206 1032 locus
226 975 257 1028 et
274 985 370 1026 nexus
387 955 596 1045 perspicuus).
639 960 786 1024 Secundo
803 962 882 1025 illud
903 963 1107 1047 praefracto
1127 966 1234 1050 displi-

119 1083 180 1138 cet.
224 1069 397 1136 Adhibetur
418 1067 470 1131 bic
492 1087 582 1132 seusu
604 1065 751 1150 proprio,
782 1089 844 1130 non
868 1070 1035 1148 translato,
1070 1073 1115 1135 uti
1135 1094 1235 1156 proe-

113 1176 233 1264 froote
250 1176 283 1238 in
302 1174 383 1238 libro
403 1171 561 1237 Ciceronis
579 1171 619 1236 de
639 1170 690 1235 off.
713 1173 801 1235 tertio
829 1174 933 1238 »Cato
956 1176 1236 1260 nimispraefracte

122 1284 284 1348 videbatur
303 1277 380 1344 mihi
401 1277 555 1342 aerarium
577 1271 786 1353 defendero,'''
806 1289 837 1342 et
856 1280 1028 1364 explicatur
1048 1305 1065 1346 a
1085 1283 1236 1359 lambino

122 1401 153 1454 et
169 1388 287 1452 Fabro:
319 1385 429 1450 leviter
451 1395 482 1448 et
503 1384 535 1446 iu
561 1405 682 1446 summo
703 1384 819 1448 cortice
842 1385 948 1452 fracta.
996 1386 1036 1449 m
1066 1386 1143 1452 haec
1162 1409 1234 1452 sane

121 1507 166 1560 est
198 1495 239 1558 ris
267 1490 500 1578 praepositionis
532 1511 620 1574 proc
642 1491 674 1559 in
693 1488 953 1578 praese-iugero,
974 1493 1059 1577 quod
1082 1493 1235 1580 significat
1293 1507 1295 1512 ’

122 1603 263 1688 frangere
285 1609 405 1684 partem
434 1596 569 1681 priorem
584 1617 651 1658 -seu
671 1595 920 1662 eminentiorem.
970 1598 1036 1662 lloc
1058 1595 1149 1663 sensu
1171 1600 1235 1663 uti·

123 1718 176 1772 tur
198 1706 302 1771 Celsus
324 1705 378 1792 (5,
406 1705 469 1778 26,
492 1699 555 1786 85)
589 1701 761 1766 »surculus
792 1701 915 1785 corpori
942 1701 1055 1766 infixus
1086 1705 1111 1766 si
1140 1727 1235 1790 prae.-

121 1813 238 1880 lractus
265 1821 310 1875 est
346 1811 408 1874 vel
431 1809 523 1890 altius
549 1806 729 1884 descendit,
769 1827 864 1891 quam
894 1817 927 1870 ut
958 1831 1051 1872 mano
1074 1821 1128 1874 aut
1152 1810 1236 1874 ferro
1349 1835 1355 1846 ·

122 1918 196 2003 ejici
228 1915 342 2003 possit,
380 1913 610 1979 medicamento
646 1911 821 1976 evocandus
856 1918 935 1980 est.'’
983 1915 1042 1978 Sed
1070 1915 1235 1980 manifesto

124 2023 178 2090 bic
206 2045 311 2088 sensus
335 2022 406 2084 loco
431 2029 536 2088 nostro
562 2039 625 2082 non
651 2019 814 2096 convenit,
838 2019 893 2082 ubi
921 2020 1098 2105 siguificare
1118 2019 1232 2086 debet:

115 2127 316 2218 perfracto,
349 2127 385 2190 vi
415 2146 541 2211 magno
561 2123 686 2207 fracto
721 2121 815 2212 (door
847 2146 886 2188 su
919 2124 1001 2190 door·
1027 2124 1232 2214 gebo-oleon),

122 2237 169 2304 uti
194 2234 226 2300 in
256 2232 454 2320 praegrandis
481 2232 658 2316 praeclarus
685 2241 746 2302 etc.
1121 2251 1125 2255 ·

169 2341 275 2407 Tertio
301 2341 478 2425 exemplum
499 2338 599 2422 ignis,
630 2337 711 2402 fumi
734 2335 928 2421 cinerisque,
960 2337 993 2401 iu
1021 2337 1113 2424 liguis
1134 2339 1233 2402 laten·

125 2447 226 2523 tium,
248 2446 314 2530 jum
340 2445 512 2511 adhibitum
542 2466 596 2509 vss.
628 2445 693 2508 872
724 2445 755 2508 do
778 2446 837 2524 73;
876 2444 928 2508 cui
955 2445 1054 2520 bono,
1084 2445 1116 2508 in
1150 2455 1235 2510 tauta
1302 2476 1309 2481 ⁶

125 2554 339 2638 exemplorum
369 2550 557 2618 abundantia
586 2561 617 2614 et
645 2551 810 2627 varietate,
841 2550 998 2616 fastidium
1030 2552 1138 2616 lectori
1166 2572 1233 2614 mo·

124 2681 197 2724 vere
227 2659 339 2723 eisdem
368 2657 540 2722 iterandis?
588 2657 689 2722 Immo
717 2657 862 2721 videntur
889 2657 1026 2723 coniecti
1065 2680 1101 2721 ex
1136 2657 1235 2721 allatis

123 2764 260 2830 versibus
282 2756 398 2830 872&
419 2766 481 2837 73,
515 2775 544 2828 ot
566 2763 688 2828 formati
717 2761 756 2826 ad
787 2764 963 2849 exemplum
987 2766 1053 2830 888
1077 2764 1109 2824 dr
1126 2766 1188 2837 89,
1217 2785 1234 2825 a

123 2869 266 2956 diligenti
289 2870 423 2956 quodam
451 2876 560 2955 potitae
581 2870 717 2943 lectore,
743 2868 789 2932 uti
809 2890 912 2934 versus
932 2871 1009 2934 883.
1181 2875 1187 2886 ’

173 2979 209 3051 1,
229 2978 306 3042 931.
353 2978 451 3040 Recte
480 2974 532 3037 hic
562 2985 592 3038 et
618 2974 710 3038 initio
737 2974 808 3038 libri
831 2973 935 3061 quarti
957 2974 1078 3039 codices
1096 2974 1236 3040 Vossiani
1337 2981 1340 2986 '

127 3091 158 3146 et
182 3081 343 3156 Lambini,
377 3079 529 3164 deperditi
560 3078 659 3144 cheul
696 3079 822 3162 optimi,
851 3077 1047 3142 Bertinianus
1079 3089 1109 3142 et
1135 3079 1236 3141 Mem-

124 3187 263 3262 mianus,
282 3185 396 3252 babent
409 3207 533 3273 pos-go,
558 3185 641 3270 quod
665 3196 800 3268 utroque
825 3186 894 3250 loco
914 3183 1139 3250 restituendum
1159 3206 1237 3250 cen-

126 3315 188 3358 seo.
236 3290 354 3380 Porgo
376 3293 460 3359 euim
484 3303 528 3357 est
549 3313 604 3376 pro
622 3292 784 3380 porrigo,
808 3291 851 3356 uti
876 3291 1078 3356 Horatiorum
1100 3313 1239 3377 surpere

125 3397 269 3475 diniaco,
305 3400 525 3464 Lucretianum
551 3400 698 3475 irritet,
728 3409 757 3462 et
785 3398 885 3481 plura.
916 3396 981 3464 ovid.
1011 3397 1173 3462 Gifaninm
1199 3396 1238 3461 ad
1323 3440 1324 3443 =

125 3506 304 3570 Lucretium
334 3505 367 3570 ic
402 3529 429 3572 r.
457 3527 614 3592 orporgo.
669 3503 819 3591 Porrigo,
857 3504 900 3568 ait
934 3510 1042 3589 potita,
1082 3504 1237 3567 exsolvere

96 3628 99 3634 ·
125 3611 267 3676 animum
295 3611 383 3676 nodis
416 3612 602 3698 religionum
636 3612 657 3676 i.
690 3634 717 3675 c.
750 3611 866 3688 offero,
897 3610 1160 3695 opportunitatem
1197 3608 1237 3672 do

126 3717 263 3783 solvendi
292 3716 496 3802 religionibus
517 3718 623 3782 animi.
863 3731 866 3737 '

176 3824 212 3898 t,
240 3823 316 3886 958.
365 3822 424 3884 Pro
452 3843 533 3886 nom
554 3844 617 3907 quc
642 3822 666 3886 Z
695 3819 788 3885 babet
815 3841 896 3884 uam
914 3843 1000 3905 quo,
1022 3820 1118 3885 codex
1137 3821 1237 3885 Berti-

127 3928 240 3993 nianus
264 3949 343 3992 noos
364 3917 484 4012 qtsom,
510 3939 640 3992 testante
660 3927 819 3992 lambino.
868 3928 1005 3991 Praestat
1021 3947 1095 4012 crgo
1116 3928 1235 4014 legere:

128 4053 210 4097 rrum
231 4035 299 4117 qud
325 4033 346 4096 i.
372 4055 398 4097 c.
429 4035 534 4119 aliqua
564 4034 597 4097 in
628 4044 724 4117 parte.

176 4140 211 4213 1,
244 4140 311 4202 959
340 4140 372 4202 dr
404 4141 458 4203 60.
510 4139 712 4223 Antiquiores
747 4137 933 4221 interpretes
957 4136 1072 4202 borum
1094 4158 1238 4204 uersuum

128 4244 348 4310 obscuritatem
371 4256 621 4330 conqueruntur.
668 4244 764 4308 Faber
785 4243 889 4328 ejicit,
909 4242 962 4306 sed
980 4244 1070 4307 male.
1118 4242 1238 4327 Requi·

128 4358 240 4413 ruutur
260 4348 363 4427 euim,
391 4361 421 4414 et
451 4349 535 4414 bunc
558 4349 675 4415 habent
700 4371 843 4414 sensum:
876 4349 962 4413 nulla
994 4369 1042 4413 res
1068 4358 1168 4433 potest
1186 4369 1239 4412 ex·

127 4465 263 4520 tremum
284 4455 417 4533 bebere,
447 4456 507 4522 nisi
537 4457 596 4522 alia
623 4457 662 4520 sit
694 4479 758 4534 res,
786 4477 867 4541 quae
898 4454 1034 4540 priorem
1063 4454 1165 4531 finiat,
1197 4455 1238 4520 ita
