2920 5044
752 333 799 396 50

268 539 413 613 1‚1074.
451 531 656 596 Probabiliter
677 528 802 614 quidem
824 526 1050 592 Wakefieldius
1067 521 1203 613 conjecit
1221 528 1334 608 debet,

218 643 290 717 sed,
318 663 417 727 quum
446 637 573 705 GetZ
603 635 769 700 exhibeant
801 632 972 698 concedere
1004 646 1151 719 oportet,
1186 648 1216 700 et
1245 659 1338 701 versu

221 751 312 814 1079
333 745 505 812 concedere
523 754 649 830 pergat
671 741 782 806 'eadem
803 739 1027 826 significatione
1044 739 1233 819 inveniatur,
1254 763 1340 829 quae

218 853 272 917 htc
293 854 433 918 obtinere
454 852 564 927 debet,
592 849 769 913 luculenter
801 858 883 932 patet
911 845 1136 910 restituendum
1158 868 1235 911 esse:
1260 869 1338 914 con·

122 993 126 1000 ·
223 959 335 1025 cadere
352 961 482 1048 pergil.

657 1229 900 1240 --—-----·——

472 1457 612 1518 ·AD
663 1453 935 1518 LIBRUM
984 1455 1028 1516 11.

737 1696 823 1716 -O-

273 1916 313 1988 2,
336 1919 354 1977 5
376 1913 408 1972 da
428 1860 479 1975 6.Ι
507 1909 636 1973 Fallitur
666 1908 832 1994 Forbiger‚
864 1909 949 1975 bunc
979 1907 1118 1973 ordinem
1139 1908 1171 1971 iu
1194 1908 1339 1973 omuibus

226 2015 386 2081 codicibus
404 2015 535 2078 inveniri
558 2015 731 2090 affirmans,
757 2035 827 2077 nam
848 2015 897 2092 G,
920 2016 968 2092 X,
990 2015 1039 2091 Y,
1064 2015 1087 2076 Z
1109 2033 1210 2076 suove
1231 2016 1339 2077 etiam

115 2121 118 2125 ’
192 2183 194 2186 ,
226 2133 287 2187 etc.
322 2131 528 2207 praeponunt.
576 2121 614 2183 Et
644 2119 695 2183 bic
734 2120 809 2183 ordo
840 2121 1060 2196 restituendus,
1093 2131 1166 2182 tum
1201 2121 1277 2204 quia
1305 2120 1337 2184 in

226 2228 335 2293 ordine
361 2226 520 2314 Forbigeri
546 2226 673 2291 offendit
703 2238 733 2290 et
761 2226 876 2291 durum
904 2239 950 2292 eet
980 2229 1105 2302 etiam}
1139 2227 1172 2289 in
1200 2226 1338 2292 secundo

224 2356 313 2399 versu
334 2335 358 2397 si
385 2344 538 2417 ponatur,
566 2333 643 2397 dura
671 2335 762 2397 etiam
784 2333 922 2419 absentia
948 2333 1033 2398 verbi
1061 2344 1132 2410 θείς
1162 2343 1237 2396 tum
1264 2329 1337 2420 quia

224 2441 323 2504 suavis
363 2439 503 2524 repetitio
530 2450 575 2503 est
603 2439 656 2503 in:
700 2441 801 2525 »quia
842 2461 970 2504 cernere
1011 2461 1103 2504 snare
1146 2450 1207 2516 est,
1244 2459 1337 2502 suave

227 2547 363 2636 etiamssf
387 2566 467 2630 quae
487 2545 569 2627 perit
590 2546 826 2631 transpositione
848 2547 986 2610 suavitas.
1040 2602 1043 2605 Δ

272 2657 313 2727 2,
337 2655 368 2715 7.
415 2651 612 2732 hlirumest,
632 2651 715 2736 quod
736 2651 888 2736 Gottorp,
911 2653 949 2718 fr.
971 2650 1065 2716 hebet
1085 2649 1200 2713 nihilo
1222 2650 1335 2729 dulce,

225 2769 256 2820 et
289 2756 382 2840 hujus
414 2757 597 2821 auctoritate
623 2757 737 2834 nixus,
778 2759 887 2822 ceteris
916 2758 1162 2845 refragantibus,
1194 2757 1338 2821 lubenter

222 2864 405 2930 emendem:
429 2863 486 2926 scd
506 2863 621 2926 nihilo
641 2863 736 2929 dulce
759 2876 810 2928 ert
830 2857 906 2928 benc
931 2879 1021 2928 com·
1041 2862 1234 2952 (proquam)
1257 2885 1336 2927 mu-

223 2973 302 3034 nito
331 2981 441 3033 tenere
468 2981 528 3036 etc.
577 2972 630 3034 Sic
655 2993 755 3036 sermo
784 2968 914 3058 (7-13)
946 2982 991 3035 est
1015 2972 1152 3058 rogantis
1176 2991 1247 3035 cum
1281 2969 1337 3034 in-

225 3077 420 3165 dignatione,
441 3089 471 3142 et
489 3087 580 3162 apte,
601 3075 894 3164 hac'indignatione
913 3077 1012 3164 magis
1037 3078 1198 3164 magisque
1220 3077 1338 3141 excita·

157 3166 166 3182 „
225 3195 289 3258 tus,
314 3184 589 3269 exclamatpoita:
615 3184 801 3248 »omiseras
821 3181 984 3248 hominurn
1005 3193 1143 3259 mentes,
1173 3194 1338 3268 opectora

227 3294 362 3366 caeca;”
385 3307 485 3372 quae,
514 3290 582 3352 loco
600 3300 706 3365 nostro
723 3289 902 3364 emendato,
926 3311 989 3354 nou
1010 3289 1142 3374 amplius
1160 3287 1198 3352 ad
1221 3311 1339 3354 errores

226 3405 257 3459 et
287 3395 356 3458 vitia
385 3393 567 3476 bominum,
591 3395 624 3458 iu
658 3395 912 3460 antecedentibus
932 3397 1046 3472 relata,
1067 3395 1227 3459 referenda
1248 3407 1337 3473 sunt,

225 3500 278 3566 sed
309 3501 346 3565 ad
376 3503 556 3588 neglectum
586 3500 797 3586 philosophiae
825 3503 982 3579 studium,
1015 3485 1097 3588 quod
1118 3503 1245 3566 unicum
1265 3503 1339 3566 bea·

227 3619 273 3672 tos
312 3605 440 3671 reddere
476 3605 618 3671 homiues
654 3607 756 3692 possit.
816 3608 898 3672 Haec
930 3619 1085 3693 praeterea
1124 3607 1338 3692 interpretatio

228 3712 517 3797 optime'convenit
542 3735 613 3776 curn
638 3712 727 3778 dictis
748 3713 891 3799 Epicuri:
918 3695 1162 3804 φιλοσοφηνέον
1192 3717 1248 3778 καὶ
1278 3716 1338 3806 νέῳ

221 3818 285 3884 ’καὶ
300 3820 428 3907 γέροντι
445 3829 488 3881 et:
510 3810 529 3882 ὁ
549 3819 583 3881 δὲ
600 3820 718 3902 λέγων,
736 3811 759 3902 ἤ
776 3812 873 3905 μήπω
894 3815 953 3884 τοῦ
972 3819 1168 3908 φιλοσοφεῖν
1183 3809 1340 3907 ὑπάρχενν

163 3971 167 3987 .
229 3911 337 4010 ὥραν,
356 3915 378 4001 ii
400 3923 668 4008 παρεληλυθέναι
687 3915 749 4005 τὴν
770 3913 875 4010 ὥραν,
903 3912 1019 4008 ὅμοιός
1039 3923 1107 3987 ἐστι
1128 3918 1174 4012 τῷ
1196 3924 1338 4008 λέγοντι,

229 4018 312 4116 πρὸς
336 4019 547 4111 εὐδαιμονίαν
578 4021 601 4111 ἦ
624 4019 671 4111 μὴ
694 4028 845 4113 παρεῖναι
861 4020 924 4112 τὴν
939 4017 1046 4114 ὥραν,
1069 4019 1227 4112 ἤμηκὲτν
1247 4017 1339 4092 εἶναι.

227 4143 257 4197 et
282 4131 326 4197 sic
352 4131 478 4216 pluries.
527 4133 700 4216 Denique‚'
728 4133 884 4218 quomodo
917 4133 1033 4195 nihilo
1061 4131 1157 4195 dulce
1188 4133 1219 4196 in
1244 4131 1341 4194 nihil

149 4243 154 4248 ’
225 4238 380 4314 dulcius,
409 4249 438 4301 et
463 4259 535 4300 cono
555 4239 599 4326 (in
620 4238 842 4324 communito)
866 4239 899 4302 in
930 4263 1032 4324 quom
1051 4240 1165 4303 mutari
1179 4239 1335 4324 potuerit,

226 4345 304 4409 ratio
333 4356 377 4407 est
398 4344 429 4407 iu
461 4356 604 4429 promtu;
633 4346 705 4429 quia
727 4347 847 4410 scilicet
875 4367 937 4409 non
959 4346 1175 4433 intelligebant
1197 4344 1333 4419 librarii,
