2874 5048
639 367 687 432 69

147 567 212 631 Nisi
239 564 290 628 aie
308 583 402 628 rersu
430 563 497 628 630
529 558 680 623 referatur
708 558 746 622 ad
773 561 860 637 eat,
887 559 964 626 baec
990 561 1142 647 particula
1169 576 1213 628 est

102 673 196 738 otium
218 681 344 758 propter
372 665 559 754 praecedens
584 667 722 750 itaque,
750 667 833 751 quod
862 666 991 732 eandem
1009 668 1213 756 significatio·

101 799 173 843 nem
202 776 344 842 involvit.
391 773 482 836 Ratio
511 792 567 835 cur
586 771 747 836 Lucretius
774 770 855 836 hanc
878 772 1057 856 opinionem
1080 788 1142 838 non
1165 796 1214 838 re·
1260 780 1269 796 '

100 883 266 958 futarerit,
288 880 367 945 baec
387 889 450 957 est;
473 878 546 964 quia
573 898 640 941 eam
663 876 834 940 evidenter
853 877 1018 943 absurdam
1042 901 1105 943 esse
1127 893 1214 966 puta·

101 990 173 1066 bat,
212 987 271 1052 bec
297 986 332 1050 in
366 1007 399 1048 re
432 994 536 1048 tamen
569 984 692 1068 lapsus,
735 983 819 1068 quod
861 1007 980 1047 sensus
1013 987 1105 1069 ipsos
1139 1009 1213 1052 cum

101 1113 248 1159 sensuum
274 1083 521 1156 instrumentis
548 1090 702 1157 confudit,

148 1203 186 1278 3,
207 1201 285 1266 676.
334 1199 439 1262 Primo
467 1198 578 1260 obtutu
599 1197 714 1262 mirum
745 1197 839 1262 videri
867 1198 978 1283 possit,
1006 1199 1109 1284 quod,
1139 1221 1213 1264 cum

101 1315 219 1372 veteres
243 1303 452 1390 grammatici,
474 1301 626 1368 Charisius
649 1315 679 1366 et
696 1303 830 1379 Nonius,
862 1303 1016 1392 longa‘ter
1042 1302 1118 1368 buic
1146 1305 1215 1369 loco
1246 1325 1253 1333 ’

101 1410 277 1487 vindicent,
307 1409 340 1472 in
370 1407 493 1493 optimis
521 1407 682 1472 codicibus
711 1420 749 1474 et
772 1409 914 1473 Lambini
941 1420 971 1473 et
1000 1410 1154 1477 Vossianis
1183 1419 1214 1472 et

100 1515 212 1592 Bodl.‚
251 1515 415 1591 omnibus,
457 1513 598 1601 longius
627 1515 810 1598 reperiatur.
865 1515 926 1579 Sed
956 1514 1067 1579 erroris
1095 1516 1214 1580 fontem

101 1607 233 1687 ostendit
258 1631 401 1705 corrupto
431 1619 583 1704 scripture
602 1619 684 1705 apud
715 1620 871 1683 Nonium:
905 1617 983 1682 Non
1005 1619 1057 1705 (ut
1078 1616 1211 1704 opinor)

102 1725 142 1790 a'd
158 1749 179 1789 a
203 1722 285 1790 laeto
305 1736 377 1788 tam
398 1725 551 1812 lougiter
569 1728 655 1788 rati.
702 1724 830 1811 Scilicet
857 1747 895 1787 er
919 1725 953 1789 in
985 1726 1137 1812 longitor
1156 1748 1213 1788 or-

102 1843 162 1897 ναν
185 1832 259 1896 tecit
287 1841 322 1895 ut
350 1853 386 1895 ex
416 1830 583 1917 archetypo
610 1831 644 1895 in
674 1830 767 1895 hodie
792 1831 1007 1917 superstitibus
1032 1831 1213 1917 antiquissi-

101 1940 159 2003 mis
185 1936 345 2004 codicibus
363 1937 552 2001 scriberetur
575 1936 715 2025 longios
737 1949 835 2001 errat
855 1962 871 2002 a
890 1938 1033 2014 librario,
1052 1939 1085 2002 in
1106 1961 1212 2002 exem-

102 2043 181 2129 plari
213 2064 268 2106 suo
298 2042 434 2127 legenti:
465 2041 580 2130 longit
611 2055 726 2120 errat,
755 2043 840 2129 quod
870 2042 1035 2108 emendare
1060 2045 1155 2109 roluit
1183 2057 1214 2110 ct

101 2160 201 2214 metro
231 2147 415 2224 conciliare,
449 2147 493 2210 uti
521 2148 563 2211 ob
588 2148 667 2213 banc
688 2149 889 2232 posteriorem
911 2170 1035 2212 causam
1059 2150 1095 2212 in
1120 2150 1213 2213 Nonii

101 2253 278 2330 codicibus,
303 2253 358 2316 etsi
381 2253 515 2330 lrustra,
541 2254 690 2338 scriptum
712 2265 813 2317 extat:
846 2256 971 2320 errati.
1019 2253 1079 2317 Sed
1096 2276 1133 2318 ex
1154 2252 1213 2319 hac

101 2360 227 2445 antiqua
254 2359 456 2443 corruptione
481 2360 546 2442 jam
575 2358 788 2443 conjecturam
819 2361 921 2425 facere
943 2360 1018 2424 licet
1047 2359 1087 2424 de
1115 2359 1212 2425 tribus

100 2465 197 2532 llusei
226 2464 302 2528 Brit.
327 2463 513 2542 codicibus,
546 2465 581 2528 in
613 2466 727 2553 quibus
767 2476 849 2531 recte
880 2466 1011 2551 legitur:
1048 2465 1211 2553 longiter.

101 2571 187 2636 llaec
213 2591 328 2654 nempe
352 2570 527 2634 emendatio
558 2593 609 2635 eos
628 2572 790 2636 manifesto
807 2571 911 2656 arguit
941 2593 1005 2636 esse
1030 2571 1211 2636 recentioris

101 2677 230 2765 originis
261 2687 292 2740 et
319 2676 473 2759 profectos
505 2677 544 2741 ab
572 2678 694 2760 erudito
723 2676 869 2753 bomine,
907 2676 963 2762 qui
996 2676 1145 2742 mendum
1175 2699 1212 2742 ex

100 2782 236 2849 Charisio
261 2792 315 2845 aut
337 2781 438 2845 Nonio
462 2785 606 2849 correxit.
829 2785 833 2790 ’

147 2890 188 2966 3,
217 2889 295 2952 620.
341 2887 420 2951 Cum
451 2887 652 2954 Wakefieldii
680 2891 815 2956 lectione
852 2913 916 2976 pro
945 2892 1030 2952 totis
1061 2889 1208 2954 ortubus

102 2994 232 3079 ejusque
266 2993 471 3077 explicatione
500 3016 550 3059 me
579 2995 758 3061 ’amicitiam
793 2997 843 3059 vix
873 3009 903 3062 et
931 3018 971 3060 ne
1005 2998 1052 3058 rix
1082 2996 1210 3080 quidem

101 3101 181 3165 inire
198 3120 287 3182 posse
305 3097 472 3179 confiteor3
499 3101 576 3185 quin
603 3101 770 3187 legendum
790 3124 854 3166 esse
873 3102 1011 3188 suspicor
1030 3100 1212 3165 multimo-

101 3205 158 3269 dis
172 3205 326 3289 partitio
345 3203 501 3268 ortubus.
537 3206 678 3271 Lambini
698 3207 842 3271 nonnulli
861 3206 998 3282 codices,
1017 3205 1106 3272 Bodl.
1123 3207 1211 3274 Voss·

101 3322 188 3376 vetus
210 3309 323 3373 babent
345 3331 408 3394 per
431 3313 539 3390 totis3
562 3313 741 3378 Parisiensis
763 3313 906 3377 Lambini
927 3334 995 3396 ραν
1013 3313 1107 3377 totis.

145 3416 250 3500 Atque
267 3437 302 3478 ex
322 3414 368 3479 bis
387 3416 523 3504 vestigiis
541 3417 728 3495 lectionem,
749 3439 843 3503 quam
863 3395 1021 3503 propono,
1043 3418 1084 3482 ita
1104 3440 1214 3482 eruere

101 3543 189 3608 posse
217 3519 293 3585 mibi
320 3521 437 3588 videor.
492 3523 529 3586 ln
548 3524 769 3610 antiquissimis
800 3522 958 3590 codicibus
974 3524 1122 3608 scriptum
1149 3535 1214 3587 erat

27 3639 31 3649 '
102 3625 491 3710 multimodisportiti83
520 3625 594 3694 iride
619 3630 776 3694 distinctio
807 3652 918 3715 prava,
948 3628 1110 3690 multimo
1140 3627 1212 3690 atte-

97 3735 269 3818 partitie,
294 3734 384 3817 cujus
407 3735 575 3822 vestigium
593 3736 626 3799 in
648 3735 717 3800 cod.
737 3735 805 3801 Par.
826 3755 905 3819 por.
953 3733 1035 3798 Hinc
1052 3732 1214 3797 maritimo

101 3837 325 3923 disponitis,-
354 3861 447 3924 porro
468 3839 524 3903 dis
549 3842 662 3905 iterum
686 3863 759 3905 cum
784 3862 875 3905 sensu
905 3848 1032 3904 carente
1051 3839 1214 3902 motttmo

102 3944 292 4027 conjuncto,
325 3944 544 4008 multimodis
565 3927 738 4031 partiti&
767 3945 841 4010 inde
857 3966 923 4028 per
943 3946 1044 4020 titis,
1070 3966 1136 4028 per
1165 3956 1214 4009 to-

101 4050 168 4124 tie,
203 4046 309 4132 quod,
344 4061 378 4114 ut
404 4072 510 4117 sensus
547 4053 659 4138 aliquis
688 4051 869 4130 afferretur,
900 4060 1054 4114 mutatum
1079 4050 1215 4136 denique

100 4165 154 4219 aut
180 4153 213 4217 in
236 4173 304 4238 pro
329 4159 432 4233 totis,
466 4169 520 4222 aut
551 4156 590 4220 de
614 4159 713 4233 totis,
748 4167 801 4220 aut
821 4159 870 4234 ¹io
902 4158 996 4220 totis.
1043 4155 1131 4219 Missa
1157 4179 1213 4222 au·

102 4271 166 4325 tem
193 4259 310 4344 majore
341 4263 499 4327 minoreve
536 4263 769 4350 probabilitate,
807 4283 887 4348 quac
925 4259 1001 4325 huic
1036 4259 1216 4328 deductioni

102 4365 202 4442 inest,
228 4369 381 4449 partitio
410 4367 556 4432 artatus
583 4372 646 4435 sola
679 4389 751 4434 cum
786 4390 878 4432 sensu
903 4365 1096 4431 concilianda
1122 4368 1216 4435 lectio

103 4469 237 4544 videtur.
284 4473 482 4540 Demonstrat
510 4477 592 4540 enim
618 4485 710 4561 poeta
735 4475 851 4559 coique
880 4470 961 4555 parti
987 4469 1121 4553 cujusvis
1141 4494 1214 4538 cor-
