2920 5044
716 269 760 332 to

189 469 221 530 Si
246 488 336 552 crgo,
357 487 436 552 quae
459 464 541 528 dicta
563 473 653 538 suut,
686 462 769 524 brevi
789 461 1096 546 comprehendimus,
1134 475 1215 549 patet
1234 464 1297 528 duo

187 574 265 637 inter
285 573 512 659 gymnasiorum
530 569 660 635 docendi
684 570 842 632 materiam
864 589 925 632 esse
948 570 1142 654 recipienda:

235 682 264 741 1.
312 680 432 743 Talium
457 680 637 760 scriptorum
661 673 941 758 philosophicorum
963 676 1144 755 lectionem,
1164 699 1299 764 quorum

188 787 316 862 notitia,
340 809 357 848 a
377 785 503 848 doctore
527 786 623 868 perito
645 781 811 873 prudenter
830 792 927 855 recta,
948 784 1115 866 explicata,
1139 787 1299 871 suppleta,

188 895 358 956 examinata
383 904 507 955 etcum
532 891 595 953 aliis
616 886 810 974 comparata,
833 891 964 953 maxime
993 891 1088 954 valeat
1118 904 1149 956 et
1170 895 1202 956 in
1226 915 1300 978 pos-

189 1009 289 1062 terum
318 999 493 1083 praesertim
528 997 658 1060 maxime
690 997 787 1059 valere
816 997 906 1079 possit
939 996 977 1060 ad
1002 997 1124 1080 juvenis
1159 1000 1300 1063 animum

190 1104 395 1198 mupiendnm
416 1105 455 1168 ah
477 1104 512 1166 iis
533 1104 674 1188 periculis
698 1113 728 1165 et
748 1101 888 1178 damula,
906 1117 1007 1188 quae,
1033 1107 1171 1169 exinani
1196 1105 1301 1190 philo-

189 1211 339 1297 sophandi
360 1215 476 1274 ratione
496 1221 527 1274 et
549 1212 582 1273 in
605 1210 730 1273 summis
751 1209 927 1295 quibusque
957 1221 1113 1274 contracto
1138 1214 1301 1297 supercilio

185 1317 348 1402 judicandi
367 1321 535 1381 temeritate
554 1316 699 1392 oriunda,
720 1328 749 1378 et
771 1338 842 1380 vera
866 1327 896 1380 ot
918 1327 1020 1380 sancta
1041 1328 1072 1382 et
1086 1317 1170 1401 justa
1189 1331 1218 1383 et
1232 1341 1301 1383 mo·

192 1427 264 1488 ralia
287 1425 425 1491 funditus
445 1435 578 1487 evertere
598 1425 763 1486 minantur.

237 1533 268 1594 2.
316 1531 540 1594 Tractationem
565 1530 760 1592 scientiarum
785 1530 992 1605 naturalium,
1014 1541 1166 1616 quatenus
1189 1553 1300 1617 nempe

191 1637 322 1700 liberalis
347 1637 543 1700 institutionis
568 1637 666 1718 justos
699 1657 767 1698 suos
796 1635 872 1697 fines
903 1634 1041 1698 habentis
1073 1637 1206 1700 ambitus
1229 1659 1303 1724 per·

192 1744 311 1816 mittat,
335 1743 448 1825 optime
470 1742 594 1804 lectioni
622 1741 767 1825 poematis
790 1740 963 1826 cujuspiam
987 1741 1131 1806 didactici
1154 1742 1304 1808 aestheti-

192 1871 267 1926 cac,
293 1847 451 1912 historicae
470 1847 667 1932 alligandam.

237 1958 268 2018 3.
315 1955 352 2016 ln
377 1954 490 2038 quibus
513 1953 647 2038 denique
679 1954 869 2031 cavendum,
904 1964 938 2016 ut
969 1965 1099 2042 utraque
1121 1965 1151 2019 et
1173 1935 1253 2020 inter
1272 1977 1303 2020 se

191 2082 285 2146 quam
309 2062 473 2124 arctissime
496 2061 725 2145 conjungantur
757 2072 788 2124 et
821 2083 916 2147 quam
940 2063 1066 2126 minime
1089 2084 1106 2125 a
1127 2063 1303 2150 linguarum

191 2178 326 2230 veterum
349 2167 487 2252 diligenti
510 2167 669 2252 disciplina
689 2177 876 2252 separentur.
1209 2149 1215 2167 ¹

235 2272 318 2336 Haec
340 2274 422 2335 enim
446 2274 520 2347 tria,
544 2275 576 2336 in
605 2273 754 2336 unitatem
783 2272 942 2357 quandam
959 2272 1146 2357 conjuncta,
1170 2275 1304 2340 efficient

194 2389 229 2442 ut
262 2390 294 2441 et
323 2381 465 2464 temporis
493 2380 655 2464 angustiis
673 2380 880 2465 penuriaeque
909 2381 1109 2464 prospiciatur
1137 2380 1241 2467 quod,
1270 2382 1304 2444 in

192 2495 253 2548 tam
275 2487 378 2571 ampla
401 2485 532 2550 docendi
549 2487 697 2562 materia,
719 2507 830 2570 grare;
855 2496 887 2548 et
910 2508 949 2550 ne
976 2488 1107 2551 nimium
1138 2508 1214 2551 onus
1244 2486 1305 2551 dis·

193 2593 288 2677 cipuli
311 2591 447 2656 humeris
467 2593 660 2678 imponatur,
679 2591 764 2679 quod
787 2594 927 2678 gravius,
953 2615 991 2657 ne
1013 2594 1118 2656 infelix
1141 2594 1218 2658 illud
1242 2606 1305 2658 tam

193 2701 254 2762 late
274 2719 395 2784 serpens
416 2699 571 2764 fastidium
600 2701 732 2779 oriatur;
760 2711 792 2762 et
813 2722 852 2764 ne
872 2702 944 2763 vires
974 2701 1088 2776 animi,
1112 2701 1144 2764 in
1164 2699 1305 2764 dirersis-

193 2807 268 2870 sima
289 2805 453 2890 dispersae,
476 2809 572 2892 magis
590 2807 808 2883 debilitentur,
829 2829 925 2893 quarn
946 2807 1198 2886 corroborentur,
1221 2807 1305 2893 quod

92 2901 96 2911 ’
196 2913 407 2998 gravissimum
426 2911 482 3001 (ris
504 2914 588 2975 unita
609 2910 738 2999 fortior).

241 3018 336 3106 Atqui
365 3020 485 3083 nullum
510 3040 586 3103 opus
604 3019 668 3081 siva
687 3041 723 3081 ex
747 3019 928 3106 antiquitate
949 3019 1009 3081 sire
1030 3041 1066 3081 ex
1087 3018 1306 3082 recentioribus

194 3127 380 3208 temporibus
412 3125 566 3190 adhunc
597 3146 723 3211 scopum
759 3126 888 3189 feliciter
917 3123 1133 3210 attingendum
1155 3127 1251 3210 magis
1273 3148 1304 3189 se

186 3219 406 3306 commendat,
426 3253 521 3317 qnam
544 3233 736 3296 Lucretii
759 3253 868 3316 poema
887 3231 1097 3307 didacticum,
1129 3254 1193 3317 quo
1228 3231 1306 3318 phy·

195 3339 257 3402 sica
290 3338 465 3422 Epicuri
501 3338 692 3424 philosophia
725 3340 908 3424 exponitur,
948 3360 987 3400 nn
1021 3360 1131 3413 annau
1166 3359 1306 3402 aarum.

195 3445 285 3529 Ergo.
310 3479 353 3494 -

240 3552 381 3637 Longum
402 3553 440 3616 sit
463 3552 583 3616 huncce
605 3555 771 3616 minorem
788 3554 853 3616 fuse
878 3552 1005 3637 probare
1024 3563 1118 3637 atquc
1138 3573 1190 3629 ea,
1209 3572 1306 3637 quae,

197 3662 294 3744 primo
324 3661 456 3736 obtutu,
496 3649 528 3724 in
561 3659 721 3745 superficie
754 3659 891 3723 haerenti
925 3659 1096 3744 gravissima
1122 3656 1216 3739 objici
1238 3679 1309 3741 pos·

197 3768 273 3843 sint,
292 3766 435 3830 refutare.

242 3874 274 3936 Si
296 3875 348 3936 illa
370 3883 493 3948 autem,
526 3895 620 3959 quae·
635 3873 716 3947 dixi,
754 3895 815 3936 uon
847 3894 966 3957 prorsus
998 3870 1125 3957 indigna
1155 3892 1217 3934 esse
1243 3871 1308 3934 viris

197 3979 314 4056 doctis,
347 3978 381 4068 (si
415 4001 494 4066 quos
512 3980 626 4042 scilicet
646 3979 679 4041 in
691 3961 1036 4042 'lectorumsolitudine
1057 3976 1172 4042 hahere
1195 3977 1308 4041 huicce

198 4087 365 4171 prolusioui
387 4082 576 4171 continget‚)
598 4084 759 4162 ridentur,
792 4083 830 4149 ad
853 4107 934 4172 quae
952 4087 1089 4149 animum
1113 4095 1310 4169 mentemque

200 4193 380 4270 attendant,
410 4193 520 4256 melius
554 4191 631 4255 mihi
660 4193 797 4257 facturus
828 4214 890 4256 esse
913 4191 1015 4257 videor
1046 4193 1069 4256 si
1095 4191 1255 4277 separatim
1278 4190 1310 4251 in

198 4300 417 4385 scriptiuncula
437 4300 583 4385 singulari
602 4300 720 4366 huncce
743 4301 953 4388 syllogismum
976 4321 1123 4385 exponam
1152 4309 1183 4361 et
1206 4295 1312 4360 defen·

203 4406 293 4481 dam,
316 4407 490 4490 praesertim
516 4427 614 4491 quum
635 4407 700 4490 jam
722 4410 864 4494 longius,
888 4429 984 4494 quam
1012 4417 1074 4470 erat
1100 4404 1311 4490 propositum,
