<?xml version="1.0" encoding="UTF-8"?>
<!DOCTYPE html PUBLIC "-//W3C//DTD XHTML 1.0 Transitional//EN"
    "http://www.w3.org/TR/xhtml1/DTD/xhtml1-transitional.dtd">
<html xmlns="http://www.w3.org/1999/xhtml" xml:lang="en" lang="en">
 <head>
  <title>
</title>
<meta http-equiv="Content-Type" content="text/html;charset=utf-8" />
  <meta name='ocr-system' content='tesseract 3.04.00' />
  <meta name='ocr-capabilities' content='ocr_page ocr_carea ocr_par ocr_line ocrx_word'/>
</head>
<body>
  <div class='ocr_page' id='page_1' title='image "./dissertatiocrit00roosgoog_0015.png"; bbox 0 0 2920 5044; ppageno 0'>
   <div class='ocr_carea' id='block_1_1' title="bbox 711 301 743 361">
    <p class='ocr_par' dir='ltr' id='par_1_1' title="bbox 711 301 743 361">
     <span class='ocr_line' id='line_1_1' title="bbox 711 301 743 361; baseline 0 0"><span class='ocrx_word' id='word_1_1' title='bbox 711 301 743 361; x_wconf 73' lang='lat' dir='ltr'>ll</span> 
     </span>
    </p>
   </div>
   <div class='ocr_carea' id='block_1_2' title="bbox 178 485 1321 4493">
    <p class='ocr_par' dir='ltr' id='par_1_2' title="bbox 178 485 1299 1755">
     <span class='ocr_line' id='line_1_2' title="bbox 179 485 1292 590; baseline -0.011 -21"><span class='ocrx_word' id='word_1_2' title='bbox 179 507 283 590; x_wconf 80' lang='lat' dir='ltr'>patrois</span> <span class='ocrx_word' id='word_1_3' title='bbox 304 502 508 585; x_wconf 86' lang='lat' dir='ltr'>inopibusque</span> <span class='ocrx_word' id='word_1_4' title='bbox 528 498 652 579; x_wconf 86' lang='lat' dir='ltr'>linguae</span> <span class='ocrx_word' id='word_1_5' title='bbox 682 494 873 567; x_wconf 78' lang='lat' dir='ltr'><strong>Tuscorum,</strong></span> <span class='ocrx_word' id='word_1_6' title='bbox 897 485 1068 566; x_wconf 80' lang='lat' dir='ltr'>Oscorum,</span> <span class='ocrx_word' id='word_1_7' title='bbox 1098 494 1292 580; x_wconf 89' lang='lat' dir='ltr'>aliorumque</span> 
     </span>
     <span class='ocr_line' id='line_1_3' title="bbox 178 599 1294 696; baseline -0.012 -21"><span class='ocrx_word' id='word_1_8' title='bbox 178 611 355 696; x_wconf 71' lang='lat' dir='ltr'>fragmentis</span> <span class='ocrx_word' id='word_1_9' title='bbox 380 606 516 669; x_wconf 88' lang='lat' dir='ltr'>sedulam</span> <span class='ocrx_word' id='word_1_10' title='bbox 543 612 632 664; x_wconf 87' lang='lat' dir='ltr'>navat</span> <span class='ocrx_word' id='word_1_11' title='bbox 654 619 794 684; x_wconf 80' lang='lat' dir='ltr'>operant3</span> <span class='ocrx_word' id='word_1_12' title='bbox 822 599 866 660; x_wconf 85' lang='lat' dir='ltr'>rel</span> <span class='ocrx_word' id='word_1_13' title='bbox 890 620 989 682; x_wconf 86' lang='lat' dir='ltr'>quum</span> <span class='ocrx_word' id='word_1_14' title='bbox 1013 599 1145 685; x_wconf 90' lang='lat' dir='ltr'>denique</span> <span class='ocrx_word' id='word_1_15' title='bbox 1168 601 1294 684; x_wconf 81' lang='lat' dir='ltr'>linguae</span> 
     </span>
     <span class='ocr_line' id='line_1_4' title="bbox 179 704 1296 789; baseline -0.013 -7"><span class='ocrx_word' id='word_1_16' title='bbox 179 718 393 787; x_wconf 74' lang='lat' dir='ltr'>addiscuntur,</span> <span class='ocrx_word' id='word_1_17' title='bbox 429 722 463 773; x_wconf 91' lang='lat' dir='ltr'>ut</span> <span class='ocrx_word' id='word_1_18' title='bbox 496 710 616 772; x_wconf 87' lang='lat' dir='ltr'>animus</span> <span class='ocrx_word' id='word_1_19' title='bbox 645 705 819 778; x_wconf 71' lang='lat' dir='ltr'>erudiatur,</span> <span class='ocrx_word' id='word_1_20' title='bbox 845 704 1014 786; x_wconf 74' lang='lat' dir='ltr'><strong>explicetur</strong></span> <span class='ocrx_word' id='word_1_21' title='bbox 1040 716 1133 789; x_wconf 89' lang='lat' dir='ltr'>atque</span> <span class='ocrx_word' id='word_1_22' title='bbox 1164 717 1296 768; x_wconf 78' lang='lat' dir='ltr'>acuatur</span> 
     </span>
     <span class='ocr_line' id='line_1_5' title="bbox 179 809 1295 893; baseline -0.013 -5"><span class='ocrx_word' id='word_1_23' title='bbox 179 826 368 893; x_wconf 88' lang='lat' dir='ltr'>intellectus,</span> <span class='ocrx_word' id='word_1_24' title='bbox 383 820 474 886; x_wconf 91' lang='lat' dir='ltr'>ratio,</span> <span class='ocrx_word' id='word_1_25' title='bbox 499 815 606 889; x_wconf 85' lang='lat' dir='ltr'>verbo,</span> <span class='ocrx_word' id='word_1_26' title='bbox 628 823 662 874; x_wconf 92' lang='lat' dir='ltr'>ut</span> <span class='ocrx_word' id='word_1_27' title='bbox 684 811 849 874; x_wconf 76' lang='lat' dir='ltr'>liberaliter</span> <span class='ocrx_word' id='word_1_28' title='bbox 870 811 1025 874; x_wconf 87' lang='lat' dir='ltr'>institutus</span> <span class='ocrx_word' id='word_1_29' title='bbox 1046 809 1139 872; x_wconf 91' lang='lat' dir='ltr'>bomo</span> <span class='ocrx_word' id='word_1_30' title='bbox 1157 811 1193 874; x_wconf 87' lang='lat' dir='ltr'>ad</span> <span class='ocrx_word' id='word_1_31' title='bbox 1209 833 1295 874; x_wconf 89' lang='lat' dir='ltr'>sum-</span> 
     </span>
     <span class='ocr_line' id='line_1_6' title="bbox 181 917 1295 1013; baseline -0.01 -21"><span class='ocrx_word' id='word_1_32' title='bbox 181 953 287 1001; x_wconf 89' lang='lat' dir='ltr'>mum,</span> <span class='ocrx_word' id='word_1_33' title='bbox 311 947 406 1013; x_wconf 88' lang='lat' dir='ltr'>quem</span> <span class='ocrx_word' id='word_1_34' title='bbox 429 923 564 986; x_wconf 84' lang='lat' dir='ltr'>humana</span> <span class='ocrx_word' id='word_1_35' title='bbox 592 930 701 982; x_wconf 89' lang='lat' dir='ltr'>natura</span> <span class='ocrx_word' id='word_1_36' title='bbox 723 919 813 1001; x_wconf 85' lang='lat' dir='ltr'>possit</span> <span class='ocrx_word' id='word_1_37' title='bbox 839 917 1009 1001; x_wconf 87' lang='lat' dir='ltr'>attingere,</span> <span class='ocrx_word' id='word_1_38' title='bbox 1039 917 1154 1000; x_wconf 88' lang='lat' dir='ltr'>ingenii</span> <span class='ocrx_word' id='word_1_39' title='bbox 1184 920 1295 981; x_wconf 78' lang='lat' dir='ltr'>artimi-</span> 
     </span>
     <span class='ocr_line' id='line_1_7' title="bbox 181 1022 1295 1123; baseline -0.01 -25"><span class='ocrx_word' id='word_1_40' title='bbox 181 1059 242 1123; x_wconf 89' lang='lat' dir='ltr'>que</span> <span class='ocrx_word' id='word_1_41' title='bbox 275 1035 394 1096; x_wconf 87' lang='lat' dir='ltr'>cultum</span> <span class='ocrx_word' id='word_1_42' title='bbox 427 1027 603 1114; x_wconf 84' lang='lat' dir='ltr'>perveniat3</span> <span class='ocrx_word' id='word_1_43' title='bbox 637 1045 727 1087; x_wconf 89' lang='lat' dir='ltr'>nemo</span> <span class='ocrx_word' id='word_1_44' title='bbox 759 1045 820 1086; x_wconf 94' lang='lat' dir='ltr'>non</span> <span class='ocrx_word' id='word_1_45' title='bbox 849 1024 991 1106; x_wconf 89' lang='lat' dir='ltr'>intelligit</span> <span class='ocrx_word' id='word_1_46' title='bbox 1021 1022 1058 1085; x_wconf 89' lang='lat' dir='ltr'>ad</span> <span class='ocrx_word' id='word_1_47' title='bbox 1088 1023 1295 1087; x_wconf 48' lang='lat' dir='ltr'>aliosrborum</span> 
     </span>
     <span class='ocr_line' id='line_1_8' title="bbox 182 1129 1296 1226; baseline -0.012 -20"><span class='ocrx_word' id='word_1_48' title='bbox 182 1163 286 1226; x_wconf 91' lang='lat' dir='ltr'>scopes</span> <span class='ocrx_word' id='word_1_49' title='bbox 314 1135 507 1221; x_wconf 85' lang='lat' dir='ltr'>attingendus</span> <span class='ocrx_word' id='word_1_50' title='bbox 530 1135 601 1196; x_wconf 89' lang='lat' dir='ltr'>alias</span> <span class='ocrx_word' id='word_1_51' title='bbox 628 1129 776 1194; x_wconf 90' lang='lat' dir='ltr'>ineundas</span> <span class='ocrx_word' id='word_1_52' title='bbox 818 1150 878 1191; x_wconf 89' lang='lat' dir='ltr'>esse</span> <span class='ocrx_word' id='word_1_53' title='bbox 919 1130 997 1202; x_wconf 84' lang='lat' dir='ltr'>vias,</span> <span class='ocrx_word' id='word_1_54' title='bbox 1036 1131 1107 1192; x_wconf 86' lang='lat' dir='ltr'>alias</span> <span class='ocrx_word' id='word_1_55' title='bbox 1139 1130 1296 1195; x_wconf 87' lang='lat' dir='ltr'>methodos</span> 
     </span>
     <span class='ocr_line' id='line_1_9' title="bbox 184 1236 1298 1322; baseline -0.01 -10"><span class='ocrx_word' id='word_1_56' title='bbox 184 1245 383 1312; x_wconf 85' lang='lat' dir='ltr'>adhibendas.</span> <span class='ocrx_word' id='word_1_57' title='bbox 432 1243 494 1305; x_wconf 84' lang='lat' dir='ltr'>Nec</span> <span class='ocrx_word' id='word_1_58' title='bbox 529 1241 632 1306; x_wconf 89' lang='lat' dir='ltr'>minus</span> <span class='ocrx_word' id='word_1_59' title='bbox 667 1248 768 1302; x_wconf 89' lang='lat' dir='ltr'>tamen</span> <span class='ocrx_word' id='word_1_60' title='bbox 801 1236 831 1300; x_wconf 89' lang='lat' dir='ltr'>in</span> <span class='ocrx_word' id='word_1_61' title='bbox 864 1246 968 1319; x_wconf 87' lang='lat' dir='ltr'>aperto</span> <span class='ocrx_word' id='word_1_62' title='bbox 994 1246 1057 1311; x_wconf 87' lang='lat' dir='ltr'>est,</span> <span class='ocrx_word' id='word_1_63' title='bbox 1089 1237 1112 1297; x_wconf 91' lang='lat' dir='ltr'>si</span> <span class='ocrx_word' id='word_1_64' title='bbox 1138 1237 1176 1298; x_wconf 90' lang='lat' dir='ltr'>de</span> <span class='ocrx_word' id='word_1_65' title='bbox 1206 1258 1298 1322; x_wconf 89' lang='lat' dir='ltr'>scopo</span> 
     </span>
     <span class='ocr_line' id='line_1_10' title="bbox 185 1341 1299 1439; baseline -0.01 -22"><span class='ocrx_word' id='word_1_66' title='bbox 185 1357 309 1439; x_wconf 83' lang='lat' dir='ltr'>linguae</span> <span class='ocrx_word' id='word_1_67' title='bbox 341 1349 513 1432; x_wconf 90' lang='lat' dir='ltr'>cujuspiam</span> <span class='ocrx_word' id='word_1_68' title='bbox 550 1342 751 1407; x_wconf 90' lang='lat' dir='ltr'>addiscendae</span> <span class='ocrx_word' id='word_1_69' title='bbox 782 1343 815 1403; x_wconf 92' lang='lat' dir='ltr'>in</span> <span class='ocrx_word' id='word_1_70' title='bbox 847 1341 1036 1403; x_wconf 88' lang='lat' dir='ltr'>institutione</span> <span class='ocrx_word' id='word_1_71' title='bbox 1069 1363 1234 1424; x_wconf 82' lang='lat' dir='ltr'>puerorum</span> <span class='ocrx_word' id='word_1_72' title='bbox 1266 1343 1299 1406; x_wconf 92' lang='lat' dir='ltr'>in</span> 
     </span>
     <span class='ocr_line' id='line_1_11' title="bbox 186 1445 1298 1540; baseline -0.012 -17"><span class='ocrx_word' id='word_1_73' title='bbox 186 1461 362 1525; x_wconf 83' lang='lat' dir='ltr'>universum</span> <span class='ocrx_word' id='word_1_74' title='bbox 389 1453 566 1540; x_wconf 89' lang='lat' dir='ltr'>quaeritur,</span> <span class='ocrx_word' id='word_1_75' title='bbox 593 1449 630 1511; x_wconf 93' lang='lat' dir='ltr'>ad</span> <span class='ocrx_word' id='word_1_76' title='bbox 654 1449 799 1511; x_wconf 90' lang='lat' dir='ltr'>ultimum</span> <span class='ocrx_word' id='word_1_77' title='bbox 828 1445 938 1508; x_wconf 90' lang='lat' dir='ltr'>horum</span> <span class='ocrx_word' id='word_1_78' title='bbox 961 1457 1094 1531; x_wconf 89' lang='lat' dir='ltr'>quatuor</span> <span class='ocrx_word' id='word_1_79' title='bbox 1112 1447 1240 1524; x_wconf 88' lang='lat' dir='ltr'>finium,</span> <span class='ocrx_word' id='word_1_80' title='bbox 1260 1447 1298 1510; x_wconf 92' lang='lat' dir='ltr'>ad</span> 
     </span>
     <span class='ocr_line' id='line_1_12' title="bbox 187 1552 1298 1643; baseline -0.01 -15"><span class='ocrx_word' id='word_1_81' title='bbox 187 1564 345 1628; x_wconf 89' lang='lat' dir='ltr'>liberalem</span> <span class='ocrx_word' id='word_1_82' title='bbox 369 1581 479 1643; x_wconf 87' lang='lat' dir='ltr'>nempe</span> <span class='ocrx_word' id='word_1_83' title='bbox 514 1577 645 1641; x_wconf 75' lang='lat' dir='ltr'>vereque</span> <span class='ocrx_word' id='word_1_84' title='bbox 676 1552 846 1615; x_wconf 87' lang='lat' dir='ltr'>humanam</span> <span class='ocrx_word' id='word_1_85' title='bbox 878 1553 1120 1627; x_wconf 87' lang='lat' dir='ltr'>institutionem,</span> <span class='ocrx_word' id='word_1_86' title='bbox 1151 1555 1298 1629; x_wconf 84' lang='lat' dir='ltr'>maxime,</span> 
     </span>
     <span class='ocr_line' id='line_1_13' title="bbox 189 1657 913 1755; baseline -0.019 -23"><span class='ocrx_word' id='word_1_87' title='bbox 189 1691 258 1755; x_wconf 83' lang='lat' dir='ltr'>prae</span> <span class='ocrx_word' id='word_1_88' title='bbox 282 1667 424 1730; x_wconf 89' lang='lat' dir='ltr'>omnibus</span> <span class='ocrx_word' id='word_1_89' title='bbox 445 1665 572 1738; x_wconf 88' lang='lat' dir='ltr'>ceteris,</span> <span class='ocrx_word' id='word_1_90' title='bbox 596 1682 656 1733; x_wconf 86' lang='lat' dir='ltr'>csse</span> <span class='ocrx_word' id='word_1_91' title='bbox 680 1657 913 1720; x_wconf 90' lang='lat' dir='ltr'>attondendum.</span> 
     </span>
    </p>

    <p class='ocr_par' dir='ltr' id='par_1_3' title="bbox 191 1762 1310 2914">
     <span class='ocr_line' id='line_1_14' title="bbox 233 1762 1301 1857; baseline -0.007 -21"><span class='ocrx_word' id='word_1_92' title='bbox 233 1773 291 1836; x_wconf 88' lang='lat' dir='ltr'>Sed</span> <span class='ocrx_word' id='word_1_93' title='bbox 316 1771 453 1857; x_wconf 88' lang='lat' dir='ltr'>quamvis</span> <span class='ocrx_word' id='word_1_94' title='bbox 473 1770 648 1850; x_wconf 89' lang='lat' dir='ltr'>linguarum</span> <span class='ocrx_word' id='word_1_95' title='bbox 671 1763 807 1825; x_wconf 89' lang='lat' dir='ltr'>studium</span> <span class='ocrx_word' id='word_1_96' title='bbox 829 1762 868 1824; x_wconf 92' lang='lat' dir='ltr'>ab</span> <span class='ocrx_word' id='word_1_97' title='bbox 892 1763 1033 1825; x_wconf 90' lang='lat' dir='ltr'>omnibus</span> <span class='ocrx_word' id='word_1_98' title='bbox 1062 1763 1124 1826; x_wconf 81' lang='lat' dir='ltr'>sere</span> <span class='ocrx_word' id='word_1_99' title='bbox 1143 1763 1301 1847; x_wconf 89' lang='lat' dir='ltr'>judicatur</span> 
     </span>
     <span class='ocr_line' id='line_1_15' title="bbox 191 1868 1302 1964; baseline -0.007 -21"><span class='ocrx_word' id='word_1_100' title='bbox 191 1881 320 1943; x_wconf 80' lang='lat' dir='ltr'>maxime</span> <span class='ocrx_word' id='word_1_101' title='bbox 354 1878 492 1938; x_wconf 89' lang='lat' dir='ltr'>omniurn</span> <span class='ocrx_word' id='word_1_102' title='bbox 535 1873 633 1938; x_wconf 87' lang='lat' dir='ltr'>valere</span> <span class='ocrx_word' id='word_1_103' title='bbox 665 1870 702 1932; x_wconf 89' lang='lat' dir='ltr'>ad</span> <span class='ocrx_word' id='word_1_104' title='bbox 742 1868 937 1964; x_wconf 69' lang='lat' dir='ltr'>emolliendus</span> <span class='ocrx_word' id='word_1_105' title='bbox 977 1869 1302 1957; x_wconf 82' lang='lat' dir='ltr'>mores-hominisque</span> 
     </span>
     <span class='ocr_line' id='line_1_16' title="bbox 192 1978 1305 2060; baseline -0.006 -12"><span class='ocrx_word' id='word_1_106' title='bbox 192 1987 350 2048; x_wconf 82' lang='lat' dir='ltr'>facultates</span> <span class='ocrx_word' id='word_1_107' title='bbox 373 1992 454 2044; x_wconf 90' lang='lat' dir='ltr'>recte</span> <span class='ocrx_word' id='word_1_108' title='bbox 475 1978 638 2051; x_wconf 89' lang='lat' dir='ltr'>colendas,</span> <span class='ocrx_word' id='word_1_109' title='bbox 662 1998 723 2040; x_wconf 92' lang='lat' dir='ltr'>non</span> <span class='ocrx_word' id='word_1_110' title='bbox 745 1997 843 2060; x_wconf 91' lang='lat' dir='ltr'>aeque</span> <span class='ocrx_word' id='word_1_111' title='bbox 864 1986 967 2038; x_wconf 90' lang='lat' dir='ltr'>tamen</span> <span class='ocrx_word' id='word_1_112' title='bbox 987 1997 1090 2039; x_wconf 89' lang='lat' dir='ltr'>omnes</span> <span class='ocrx_word' id='word_1_113' title='bbox 1110 1979 1305 2041; x_wconf 90' lang='lat' dir='ltr'>consentiunt</span> 
     </span>
     <span class='ocr_line' id='line_1_17' title="bbox 192 2080 1303 2173; baseline -0.006 -19"><span class='ocrx_word' id='word_1_114' title='bbox 192 2093 229 2154; x_wconf 92' lang='lat' dir='ltr'>de</span> <span class='ocrx_word' id='word_1_115' title='bbox 248 2090 374 2173; x_wconf 89' lang='lat' dir='ltr'>linguis,</span> <span class='ocrx_word' id='word_1_116' title='bbox 397 2109 476 2171; x_wconf 86' lang='lat' dir='ltr'>quae</span> <span class='ocrx_word' id='word_1_117' title='bbox 497 2085 597 2158; x_wconf 91' lang='lat' dir='ltr'>nobis,</span> <span class='ocrx_word' id='word_1_118' title='bbox 616 2083 781 2167; x_wconf 86' lang='lat' dir='ltr'>pasilaliam</span> <span class='ocrx_word' id='word_1_119' title='bbox 802 2082 911 2144; x_wconf 87' lang='lat' dir='ltr'>frustra</span> <span class='ocrx_word' id='word_1_120' title='bbox 930 2080 1023 2144; x_wconf 88' lang='lat' dir='ltr'>dum!</span> <span class='ocrx_word' id='word_1_121' title='bbox 1045 2084 1303 2165; x_wconf 73' lang='lat' dir='ltr'>exspectantibuS,</span> 
     </span>
     <span class='ocr_line' id='line_1_18' title="bbox 197 2187 1305 2272; baseline -0.006 -13"><span class='ocrx_word' id='word_1_122' title='bbox 197 2198 279 2259; x_wconf 91' lang='lat' dir='ltr'>bunc</span> <span class='ocrx_word' id='word_1_123' title='bbox 304 2196 335 2257; x_wconf 93' lang='lat' dir='ltr'>in</span> <span class='ocrx_word' id='word_1_124' title='bbox 361 2193 451 2254; x_wconf 87' lang='lat' dir='ltr'>finem</span> <span class='ocrx_word' id='word_1_125' title='bbox 477 2192 534 2253; x_wconf 91' lang='lat' dir='ltr'>sint</span> <span class='ocrx_word' id='word_1_126' title='bbox 562 2188 773 2262; x_wconf 88' lang='lat' dir='ltr'>adhibendae,</span> <span class='ocrx_word' id='word_1_127' title='bbox 808 2187 887 2249; x_wconf 90' lang='lat' dir='ltr'>inter</span> <span class='ocrx_word' id='word_1_128' title='bbox 914 2209 990 2272; x_wconf 92' lang='lat' dir='ltr'>quos</span> <span class='ocrx_word' id='word_1_129' title='bbox 1025 2190 1198 2271; x_wconf 81' lang='lat' dir='ltr'>praesertim</span> <span class='ocrx_word' id='word_1_130' title='bbox 1229 2188 1305 2253; x_wconf 85' lang='lat' dir='ltr'>haee</span> 
     </span>
     <span class='ocr_line' id='line_1_19' title="bbox 197 2293 1307 2385; baseline -0.004 -22"><span class='ocrx_word' id='word_1_131' title='bbox 197 2303 330 2385; x_wconf 91' lang='lat' dir='ltr'>agitatur</span> <span class='ocrx_word' id='word_1_132' title='bbox 363 2300 414 2361; x_wconf 90' lang='lat' dir='ltr'>lis:</span> <span class='ocrx_word' id='word_1_133' title='bbox 447 2307 552 2359; x_wconf 89' lang='lat' dir='ltr'>utrum</span> <span class='ocrx_word' id='word_1_134' title='bbox 583 2296 690 2378; x_wconf 83' lang='lat' dir='ltr'>lingue</span> <span class='ocrx_word' id='word_1_135' title='bbox 716 2293 835 2356; x_wconf 85' lang='lat' dir='ltr'>Graeca</span> <span class='ocrx_word' id='word_1_136' title='bbox 855 2293 1025 2376; x_wconf 83' lang='lat' dir='ltr'>Latineque</span> <span class='ocrx_word' id='word_1_137' title='bbox 1057 2295 1117 2355; x_wconf 90' lang='lat' dir='ltr'>sint</span> <span class='ocrx_word' id='word_1_138' title='bbox 1147 2295 1307 2359; x_wconf 90' lang='lat' dir='ltr'>imbuendi</span> 
     </span>
     <span class='ocr_line' id='line_1_20' title="bbox 200 2401 1308 2492; baseline -0.005 -23"><span class='ocrx_word' id='word_1_139' title='bbox 200 2407 308 2492; x_wconf 90' lang='lat' dir='ltr'>pueri,</span> <span class='ocrx_word' id='word_1_140' title='bbox 333 2426 370 2466; x_wconf 91' lang='lat' dir='ltr'>an</span> <span class='ocrx_word' id='word_1_141' title='bbox 393 2425 461 2466; x_wconf 82' lang='lat' dir='ltr'>vero</span> <span class='ocrx_word' id='word_1_142' title='bbox 480 2402 581 2487; x_wconf 91' lang='lat' dir='ltr'>potius</span> <span class='ocrx_word' id='word_1_143' title='bbox 603 2401 809 2463; x_wconf 86' lang='lat' dir='ltr'>recentiorum</span> <span class='ocrx_word' id='word_1_144' title='bbox 834 2401 1078 2485; x_wconf 88' lang='lat' dir='ltr'>vernaculaeqne</span> <span class='ocrx_word' id='word_1_145' title='bbox 1095 2401 1226 2464; x_wconf 78' lang='lat' dir='ltr'>maxime</span> <span class='ocrx_word' id='word_1_146' title='bbox 1249 2402 1308 2464; x_wconf 94' lang='lat' dir='ltr'>lin·</span> 
     </span>
     <span class='ocr_line' id='line_1_21' title="bbox 200 2505 1307 2596; baseline -0.004 -22"><span class='ocrx_word' id='word_1_147' title='bbox 200 2532 331 2596; x_wconf 85' lang='lat' dir='ltr'>guarum</span> <span class='ocrx_word' id='word_1_148' title='bbox 353 2509 548 2593; x_wconf 90' lang='lat' dir='ltr'>coguitione;</span> <span class='ocrx_word' id='word_1_149' title='bbox 572 2506 760 2591; x_wconf 91' lang='lat' dir='ltr'>quinetiam</span> <span class='ocrx_word' id='word_1_150' title='bbox 785 2505 925 2568; x_wconf 89' lang='lat' dir='ltr'>nonnulli</span> <span class='ocrx_word' id='word_1_151' title='bbox 946 2505 1070 2588; x_wconf 88' lang='lat' dir='ltr'>linguae</span> <span class='ocrx_word' id='word_1_152' title='bbox 1090 2507 1307 2583; x_wconf 79' lang='lat' dir='ltr'>Senseriticae,</span> 
     </span>
     <span class='ocr_line' id='line_1_22' title="bbox 198 2608 1310 2698; baseline -0.004 -18"><span class='ocrx_word' id='word_1_153' title='bbox 198 2628 253 2680; x_wconf 88' lang='lat' dir='ltr'>aut</span> <span class='ocrx_word' id='word_1_154' title='bbox 272 2614 443 2688; x_wconf 88' lang='lat' dir='ltr'>Gothicae,</span> <span class='ocrx_word' id='word_1_155' title='bbox 464 2622 519 2674; x_wconf 87' lang='lat' dir='ltr'>aut</span> <span class='ocrx_word' id='word_1_156' title='bbox 541 2610 704 2686; x_wconf 79' lang='lat' dir='ltr'>Arabicae,</span> <span class='ocrx_word' id='word_1_157' title='bbox 727 2620 782 2671; x_wconf 91' lang='lat' dir='ltr'>aut</span> <span class='ocrx_word' id='word_1_158' title='bbox 799 2608 973 2685; x_wconf 87' lang='lat' dir='ltr'>Hebraeae,</span> <span class='ocrx_word' id='word_1_159' title='bbox 999 2608 1124 2698; x_wconf 89' lang='lat' dir='ltr'>(quibus</span> <span class='ocrx_word' id='word_1_160' title='bbox 1147 2613 1310 2676; x_wconf 73' lang='lat' dir='ltr'>monforte</span> 
     </span>
     <span class='ocr_line' id='line_1_23' title="bbox 201 2716 1307 2806; baseline -0.005 -19"><span class='ocrx_word' id='word_1_161' title='bbox 201 2733 311 2798; x_wconf 88' lang='lat' dir='ltr'>erunt,</span> <span class='ocrx_word' id='word_1_162' title='bbox 344 2721 398 2806; x_wconf 93' lang='lat' dir='ltr'>qui</span> <span class='ocrx_word' id='word_1_163' title='bbox 438 2717 610 2803; x_wconf 84' lang='lat' dir='ltr'>adjungant</span> <span class='ocrx_word' id='word_1_164' title='bbox 647 2717 806 2780; x_wconf 89' lang='lat' dir='ltr'>Sinensem</span> <span class='ocrx_word' id='word_1_165' title='bbox 839 2726 892 2778; x_wconf 87' lang='lat' dir='ltr'>aut</span> <span class='ocrx_word' id='word_1_166' title='bbox 924 2717 1127 2799; x_wconf 86' lang='lat' dir='ltr'>Japonensem</span> <span class='ocrx_word' id='word_1_167' title='bbox 1158 2716 1307 2806; x_wconf 88' lang='lat' dir='ltr'>lingnam)</span> 
     </span>
     <span class='ocr_line' id='line_1_24' title="bbox 199 2822 898 2914; baseline -0.013 -22"><span class='ocrx_word' id='word_1_168' title='bbox 199 2830 311 2914; x_wconf 89' lang='lat' dir='ltr'>primas</span> <span class='ocrx_word' id='word_1_169' title='bbox 331 2828 362 2888; x_wconf 94' lang='lat' dir='ltr'>in</span> <span class='ocrx_word' id='word_1_170' title='bbox 386 2825 575 2888; x_wconf 89' lang='lat' dir='ltr'>institutione</span> <span class='ocrx_word' id='word_1_171' title='bbox 596 2822 756 2908; x_wconf 82' lang='lat' dir='ltr'>adsignant</span> <span class='ocrx_word' id='word_1_172' title='bbox 779 2833 898 2906; x_wconf 79' lang='lat' dir='ltr'>partes·</span> 
     </span>
    </p>

    <p class='ocr_par' dir='ltr' id='par_1_4' title="bbox 200 2926 1320 3862">
     <span class='ocr_line' id='line_1_25' title="bbox 245 2926 1313 3009; baseline -0.005 -11"><span class='ocrx_word' id='word_1_173' title='bbox 245 2935 313 2998; x_wconf 87' lang='lat' dir='ltr'>Non</span> <span class='ocrx_word' id='word_1_174' title='bbox 343 2931 423 2993; x_wconf 86' lang='lat' dir='ltr'>eninr</span> <span class='ocrx_word' id='word_1_175' title='bbox 458 2951 561 2994; x_wconf 88' lang='lat' dir='ltr'>omnes</span> <span class='ocrx_word' id='word_1_176' title='bbox 587 2929 741 2992; x_wconf 86' lang='lat' dir='ltr'>caleulum</span> <span class='ocrx_word' id='word_1_177' title='bbox 772 2949 862 2990; x_wconf 85' lang='lat' dir='ltr'>suurn</span> <span class='ocrx_word' id='word_1_178' title='bbox 893 2926 1043 3009; x_wconf 87' lang='lat' dir='ltr'>adjiciunt</span> <span class='ocrx_word' id='word_1_179' title='bbox 1065 2930 1232 2992; x_wconf 86' lang='lat' dir='ltr'>sententiae</span> <span class='ocrx_word' id='word_1_180' title='bbox 1260 2932 1313 2993; x_wconf 86' lang='lat' dir='ltr'>viri</span> 
     </span>
     <span class='ocr_line' id='line_1_26' title="bbox 200 3035 1312 3122; baseline -0.004 -18"><span class='ocrx_word' id='word_1_181' title='bbox 200 3038 391 3106; x_wconf 90' lang='lat' dir='ltr'>illustrissimi</span> <span class='ocrx_word' id='word_1_182' title='bbox 416 3035 621 3110; x_wconf 87' lang='lat' dir='ltr'>Goethii‚</span> <span class='ocrx_word' id='word_1_183' title='bbox 654 3055 690 3097; x_wconf 81' lang='lat' dir='ltr'>ex</span> <span class='ocrx_word' id='word_1_184' title='bbox 710 3035 818 3097; x_wconf 91' lang='lat' dir='ltr'>intimo</span> <span class='ocrx_word' id='word_1_185' title='bbox 847 3043 970 3118; x_wconf 90' lang='lat' dir='ltr'>pectore</span> <span class='ocrx_word' id='word_1_186' title='bbox 1000 3035 1149 3117; x_wconf 88' lang='lat' dir='ltr'>optentis:</span> <span class='ocrx_word' id='word_1_187' title='bbox 1195 3037 1312 3122; x_wconf 80' lang='lat' dir='ltr'>nllr&#39;tge</span> 
     </span>
     <span class='ocr_line' id='line_1_27' title="bbox 202 3137 1314 3212; baseline -0.006 -1"><span class='ocrx_word' id='word_1_188' title='bbox 202 3148 254 3212; x_wconf 88' lang='lat' dir='ltr'>das</span> <span class='ocrx_word' id='word_1_189' title='bbox 276 3142 422 3208; x_wconf 87' lang='lat' dir='ltr'>Studium</span> <span class='ocrx_word' id='word_1_190' title='bbox 451 3140 505 3204; x_wconf 88' lang='lat' dir='ltr'>der</span> <span class='ocrx_word' id='word_1_191' title='bbox 533 3139 753 3206; x_wconf 87' lang='lat' dir='ltr'>Grieebiseben</span> <span class='ocrx_word' id='word_1_192' title='bbox 780 3139 843 3202; x_wconf 93' lang='lat' dir='ltr'>und</span> <span class='ocrx_word' id='word_1_193' title='bbox 872 3137 1057 3202; x_wconf 81' lang='lat' dir='ltr'>Rttmiscben</span> <span class='ocrx_word' id='word_1_194' title='bbox 1080 3140 1231 3203; x_wconf 82' lang='lat' dir='ltr'>Literatnr</span> <span class='ocrx_word' id='word_1_195' title='bbox 1251 3143 1314 3204; x_wconf 88' lang='lat' dir='ltr'>im-</span> 
     </span>
     <span class='ocr_line' id='line_1_28' title="bbox 203 3245 1313 3331; baseline -0.004 -15"><span class='ocrx_word' id='word_1_196' title='bbox 203 3252 329 3316; x_wconf 88' lang='lat' dir='ltr'>merlort</span> <span class='ocrx_word' id='word_1_197' title='bbox 346 3248 395 3310; x_wconf 93' lang='lat' dir='ltr'>die</span> <span class='ocrx_word' id='word_1_198' title='bbox 417 3247 498 3308; x_wconf 87' lang='lat' dir='ltr'>Basis</span> <span class='ocrx_word' id='word_1_199' title='bbox 514 3245 568 3308; x_wconf 92' lang='lat' dir='ltr'>der</span> <span class='ocrx_word' id='word_1_200' title='bbox 591 3245 710 3308; x_wconf 77' lang='lat' dir='ltr'>hohern</span> <span class='ocrx_word' id='word_1_201' title='bbox 739 3245 874 3331; x_wconf 89' lang='lat' dir='ltr'>Bildung</span> <span class='ocrx_word' id='word_1_202' title='bbox 906 3246 1050 3310; x_wconf 85' lang='lat' dir='ltr'>bleihen”</span> <span class='ocrx_word' id='word_1_203' title='bbox 1081 3247 1111 3308; x_wconf 93' lang='lat' dir='ltr'>in</span> <span class='ocrx_word' id='word_1_204' title='bbox 1147 3269 1227 3329; x_wconf 83' lang='lat' dir='ltr'>mag.</span> <span class='ocrx_word' id='word_1_205' title='bbox 1265 3248 1313 3312; x_wconf 92' lang='lat' dir='ltr'>ed.</span> 
     </span>
     <span class='ocr_line' id='line_1_29' title="bbox 204 3351 1314 3438; baseline 0 -21"><span class='ocrx_word' id='word_1_206' title='bbox 204 3358 248 3424; x_wconf 86' lang='lat' dir='ltr'>th.</span> <span class='ocrx_word' id='word_1_207' title='bbox 273 3357 305 3431; x_wconf 90' lang='grc' dir='ltr'>Ι,</span> <span class='ocrx_word' id='word_1_208' title='bbox 330 3377 360 3437; x_wconf 84' lang='lat' dir='ltr'>p.</span> <span class='ocrx_word' id='word_1_209' title='bbox 385 3355 470 3427; x_wconf 81' lang='lat'>405,</span> <span class='ocrx_word' id='word_1_210' title='bbox 494 3374 594 3438; x_wconf 87' lang='lat' dir='ltr'>neque</span> <span class='ocrx_word' id='word_1_211' title='bbox 617 3352 673 3426; x_wconf 86' lang='lat' dir='ltr'>iis,</span> <span class='ocrx_word' id='word_1_212' title='bbox 700 3373 781 3438; x_wconf 86' lang='lat' dir='ltr'>quae</span> <span class='ocrx_word' id='word_1_213' title='bbox 813 3354 914 3415; x_wconf 89' lang='lat' dir='ltr'>statim</span> <span class='ocrx_word' id='word_1_214' title='bbox 939 3351 1041 3427; x_wconf 90' lang='lat' dir='ltr'>addit:</span> <span class='ocrx_word' id='word_1_215' title='bbox 1075 3351 1314 3429; x_wconf 83' lang='lat' dir='ltr'>»Chinesische,</span> 
     </span>
     <span class='ocr_line' id='line_1_30' title="bbox 205 3457 1318 3544; baseline -0.004 -16"><span class='ocrx_word' id='word_1_216' title='bbox 205 3459 366 3535; x_wconf 88' lang='lat' dir='ltr'>ludiscbe‚</span> <span class='ocrx_word' id='word_1_217' title='bbox 402 3458 606 3544; x_wconf 84' lang='lat' dir='ltr'>Aegyptisohe</span> <span class='ocrx_word' id='word_1_218' title='bbox 631 3457 842 3522; x_wconf 81' lang='lat' dir='ltr'>Altertbitmer</span> <span class='ocrx_word' id='word_1_219' title='bbox 873 3458 937 3522; x_wconf 88' lang='lat' dir='ltr'>sind</span> <span class='ocrx_word' id='word_1_220' title='bbox 966 3461 1075 3521; x_wconf 79' lang='lat' dir='ltr'>immet</span> <span class='ocrx_word' id='word_1_221' title='bbox 1100 3481 1159 3522; x_wconf 87' lang='lat' dir='ltr'>nur</span> <span class='ocrx_word' id='word_1_222' title='bbox 1187 3459 1318 3523; x_wconf 87' lang='lat' dir='ltr'>Curiosi-</span> 
     </span>
     <span class='ocr_line' id='line_1_31' title="bbox 205 3563 1315 3650; baseline -0.002 -18"><span class='ocrx_word' id='word_1_223' title='bbox 205 3575 307 3642; x_wconf 77' lang='lat' dir='ltr'>t&#39;aten,</span> <span class='ocrx_word' id='word_1_224' title='bbox 331 3587 362 3628; x_wconf 88' lang='lat' dir='ltr'>es</span> <span class='ocrx_word' id='word_1_225' title='bbox 389 3567 427 3628; x_wconf 91' lang='lat' dir='ltr'>ist</span> <span class='ocrx_word' id='word_1_226' title='bbox 457 3564 526 3628; x_wconf 88' lang='lat' dir='ltr'>sehr</span> <span class='ocrx_word' id='word_1_227' title='bbox 554 3564 769 3650; x_wconf 84' lang='lat' dir='ltr'>noblgetban‚</span> <span class='ocrx_word' id='word_1_228' title='bbox 791 3564 854 3627; x_wconf 88' lang='lat' dir='ltr'>sich</span> <span class='ocrx_word' id='word_1_229' title='bbox 880 3563 943 3628; x_wconf 93' lang='lat' dir='ltr'>und</span> <span class='ocrx_word' id='word_1_230' title='bbox 966 3563 1015 3626; x_wconf 89' lang='lat' dir='ltr'>die</span> <span class='ocrx_word' id='word_1_231' title='bbox 1039 3565 1123 3628; x_wconf 87' lang='lat' dir='ltr'>Welt</span> <span class='ocrx_word' id='word_1_232' title='bbox 1141 3566 1237 3629; x_wconf 91' lang='lat' dir='ltr'>damit</span> <span class='ocrx_word' id='word_1_233' title='bbox 1260 3567 1315 3630; x_wconf 91' lang='lat' dir='ltr'>be·</span> 
     </span>
     <span class='ocr_line' id='line_1_32' title="bbox 206 3669 1320 3760; baseline -0.004 -22"><span class='ocrx_word' id='word_1_234' title='bbox 206 3676 304 3738; x_wconf 88' lang='lat' dir='ltr'>kannt</span> <span class='ocrx_word' id='word_1_235' title='bbox 327 3694 365 3734; x_wconf 93' lang='lat' dir='ltr'>zu</span> <span class='ocrx_word' id='word_1_236' title='bbox 386 3669 537 3750; x_wconf 58' lang='lat' dir='ltr'>machot-113</span> <span class='ocrx_word' id='word_1_237' title='bbox 562 3693 601 3736; x_wconf 83' lang='lat' dir='ltr'>zu</span> <span class='ocrx_word' id='word_1_238' title='bbox 622 3671 803 3734; x_wconf 79' lang='lat' dir='ltr'>aittlielrer</span> <span class='ocrx_word' id='word_1_239' title='bbox 819 3670 882 3733; x_wconf 91' lang='lat' dir='ltr'>und</span> <span class='ocrx_word' id='word_1_240' title='bbox 904 3669 1148 3733; x_wconf 77' lang='lat' dir='ltr'>aestltetr‘eeber</span> <span class='ocrx_word' id='word_1_241' title='bbox 1163 3670 1320 3760; x_wconf 73' lang='lat' dir='ltr'>Bildung</span> 
     </span>
     <span class='ocr_line' id='line_1_33' title="bbox 206 3776 1019 3862; baseline -0.007 -16"><span class='ocrx_word' id='word_1_242' title='bbox 206 3782 280 3846; x_wconf 85' lang='lat' dir='ltr'>aber</span> <span class='ocrx_word' id='word_1_243' title='bbox 301 3776 423 3840; x_wconf 81' lang='lat' dir='ltr'>werden</span> <span class='ocrx_word' id='word_1_244' title='bbox 445 3778 486 3839; x_wconf 88' lang='lat' dir='ltr'>sie</span> <span class='ocrx_word' id='word_1_245' title='bbox 507 3799 564 3840; x_wconf 90' lang='lat' dir='ltr'>uns</span> <span class='ocrx_word' id='word_1_246' title='bbox 588 3780 686 3862; x_wconf 86' lang='lat' dir='ltr'>nenig</span> <span class='ocrx_word' id='word_1_247' title='bbox 705 3777 871 3842; x_wconf 84' lang='lat' dir='ltr'>fruchten&#39;’</span> <span class='ocrx_word' id='word_1_248' title='bbox 891 3776 1019 3840; x_wconf 83' lang='lat' dir='ltr'>ibidem.</span> 
     </span>
    </p>

    <p class='ocr_par' dir='ltr' id='par_1_5' title="bbox 207 3881 1320 4284">
     <span class='ocr_line' id='line_1_34' title="bbox 251 3881 1319 3968; baseline 0 -22"><span class='ocrx_word' id='word_1_249' title='bbox 251 3884 320 3946; x_wconf 88' lang='lat' dir='ltr'>Non</span> <span class='ocrx_word' id='word_1_250' title='bbox 343 3881 437 3964; x_wconf 91' lang='lat' dir='ltr'>hujus</span> <span class='ocrx_word' id='word_1_251' title='bbox 460 3892 541 3945; x_wconf 87' lang='lat' dir='ltr'>certe</span> <span class='ocrx_word' id='word_1_252' title='bbox 561 3893 603 3944; x_wconf 87' lang='lat' dir='ltr'>est</span> <span class='ocrx_word' id='word_1_253' title='bbox 625 3884 684 3945; x_wconf 85' lang='lat' dir='ltr'>loci</span> <span class='ocrx_word' id='word_1_254' title='bbox 704 3885 825 3966; x_wconf 88' lang='lat' dir='ltr'>penitus</span> <span class='ocrx_word' id='word_1_255' title='bbox 847 3885 1001 3968; x_wconf 83' lang='lat' dir='ltr'>inquirere</span> <span class='ocrx_word' id='word_1_256' title='bbox 1028 3884 1058 3944; x_wconf 90' lang='lat' dir='ltr'>in</span> <span class='ocrx_word' id='word_1_257' title='bbox 1084 3883 1213 3946; x_wconf 88' lang='lat' dir='ltr'>rationes</span> <span class='ocrx_word' id='word_1_258' title='bbox 1238 3903 1319 3946; x_wconf 89' lang='lat' dir='ltr'>cau-</span> 
     </span>
     <span class='ocr_line' id='line_1_35' title="bbox 207 3989 1320 4074; baseline -0.002 -20"><span class='ocrx_word' id='word_1_259' title='bbox 207 4011 315 4074; x_wconf 87' lang='lat' dir='ltr'>sasque</span> <span class='ocrx_word' id='word_1_260' title='bbox 352 4008 485 4072; x_wconf 88' lang='lat' dir='ltr'>quarum</span> <span class='ocrx_word' id='word_1_261' title='bbox 514 3998 619 4052; x_wconf 85' lang='lat' dir='ltr'>exacte</span> <span class='ocrx_word' id='word_1_262' title='bbox 651 4009 798 4072; x_wconf 87' lang='lat' dir='ltr'>perpensa</span> <span class='ocrx_word' id='word_1_263' title='bbox 837 3990 967 4073; x_wconf 73' lang='lat' dir='ltr'>gravitas</span> <span class='ocrx_word' id='word_1_264' title='bbox 998 3989 1116 4074; x_wconf 82' lang='lat' dir='ltr'>linguas</span> <span class='ocrx_word' id='word_1_265' title='bbox 1146 4000 1259 4053; x_wconf 88' lang='lat' dir='ltr'>veteres</span> <span class='ocrx_word' id='word_1_266' title='bbox 1290 3999 1320 4052; x_wconf 88' lang='lat' dir='ltr'>et</span> 
     </span>
     <span class='ocr_line' id='line_1_36' title="bbox 210 4091 1319 4178; baseline -0.003 -19"><span class='ocrx_word' id='word_1_267' title='bbox 210 4093 390 4160; x_wconf 89' lang='lat' dir='ltr'>recentiores</span> <span class='ocrx_word' id='word_1_268' title='bbox 414 4091 530 4156; x_wconf 74' lang='lat' dir='ltr'>trutinet</span> <span class='ocrx_word' id='word_1_269' title='bbox 552 4091 659 4156; x_wconf 77' lang='lat' dir='ltr'>eddom</span> <span class='ocrx_word' id='word_1_270' title='bbox 684 4107 821 4178; x_wconf 84' lang='lat' dir='ltr'>pensatas</span> <span class='ocrx_word' id='word_1_271' title='bbox 842 4095 1027 4158; x_wconf 84' lang='lat' dir='ltr'>examinanti</span> <span class='ocrx_word' id='word_1_272' title='bbox 1051 4097 1097 4158; x_wconf 86' lang='lat' dir='ltr'>vel</span> <span class='ocrx_word' id='word_1_273' title='bbox 1130 4097 1253 4158; x_wconf 84' lang='lat' dir='ltr'>extollat</span> <span class='ocrx_word' id='word_1_274' title='bbox 1273 4095 1319 4157; x_wconf 89' lang='lat' dir='ltr'>vel</span> 
     </span>
     <span class='ocr_line' id='line_1_37' title="bbox 210 4200 369 4284; baseline 0.013 -24"><span class='ocrx_word' id='word_1_275' title='bbox 210 4200 369 4284; x_wconf 86' lang='lat' dir='ltr'>deprimat.</span> 
     </span>
    </p>

    <p class='ocr_par' dir='ltr' id='par_1_6' title="bbox 211 4304 1321 4493">
     <span class='ocr_line' id='line_1_38' title="bbox 254 4304 1321 4390; baseline -0.001 -22"><span class='ocrx_word' id='word_1_276' title='bbox 254 4305 324 4372; x_wconf 90' lang='lat' dir='ltr'>Duo</span> <span class='ocrx_word' id='word_1_277' title='bbox 347 4314 419 4368; x_wconf 84' lang='lat' dir='ltr'>sunt</span> <span class='ocrx_word' id='word_1_278' title='bbox 438 4304 634 4388; x_wconf 89' lang='lat' dir='ltr'>praesertim,</span> <span class='ocrx_word' id='word_1_279' title='bbox 655 4325 735 4390; x_wconf 85' lang='lat' dir='ltr'>quae</span> <span class='ocrx_word' id='word_1_280' title='bbox 753 4327 770 4366; x_wconf 90' lang='lat' dir='ltr'>a</span> <span class='ocrx_word' id='word_1_281' title='bbox 795 4305 971 4390; x_wconf 83' lang='lat' dir='ltr'>linguarum</span> <span class='ocrx_word' id='word_1_282' title='bbox 993 4319 1130 4370; x_wconf 86' lang='lat' dir='ltr'>veterum</span> <span class='ocrx_word' id='word_1_283' title='bbox 1147 4304 1321 4368; x_wconf 87' lang='lat' dir='ltr'>adversariis</span> 
     </span>
     <span class='ocr_line' id='line_1_39' title="bbox 211 4409 1320 4493; baseline -0.003 -18"><span class='ocrx_word' id='word_1_284' title='bbox 211 4433 263 4475; x_wconf 92' lang='lat' dir='ltr'>sen</span> <span class='ocrx_word' id='word_1_285' title='bbox 285 4410 385 4493; x_wconf 91' lang='lat' dir='ltr'>potins</span> <span class='ocrx_word' id='word_1_286' title='bbox 407 4410 514 4472; x_wconf 88' lang='lat' dir='ltr'>nesciis</span> <span class='ocrx_word' id='word_1_287' title='bbox 533 4409 722 4493; x_wconf 88' lang='lat' dir='ltr'>objiciuntur</span> <span class='ocrx_word' id='word_1_288' title='bbox 741 4433 846 4476; x_wconf 86' lang='lat' dir='ltr'>earum</span> <span class='ocrx_word' id='word_1_289' title='bbox 870 4415 936 4474; x_wconf 87' lang='lat' dir='ltr'>usai</span> <span class='ocrx_word' id='word_1_290' title='bbox 958 4414 990 4474; x_wconf 89' lang='lat' dir='ltr'>in</span> <span class='ocrx_word' id='word_1_291' title='bbox 1013 4413 1200 4480; x_wconf 91' lang='lat' dir='ltr'>institutione</span> <span class='ocrx_word' id='word_1_292' title='bbox 1227 4422 1257 4474; x_wconf 91' lang='lat' dir='ltr'>et</span> <span class='ocrx_word' id='word_1_293' title='bbox 1281 4409 1320 4473; x_wconf 94' lang='lat' dir='ltr'>ob</span> 
     </span>
    </p>
   </div>
   <div class='ocr_carea' id='block_1_3' title="bbox 0 0 1505 5044">
    <p class='ocr_par' dir='ltr' id='par_1_7' title="bbox 0 0 1505 5044">
     <span class='ocr_line' id='line_1_40' title="bbox 0 0 1505 5044; baseline 0 0"><span class='ocrx_word' id='word_1_294' title='bbox 0 0 1505 5044; x_wconf 95' lang='lat' dir='ltr'> </span> 
     </span>
    </p>
   </div>
  </div>
 </body>
</html>
