2874 5048
652 342 700 408 ott

164 543 225 607 Sed
257 553 437 627 practerea,
474 542 615 628 quamvis
643 541 809 627 Preigerns
853 545 967 610 eximie
998 546 1232 635 despiciantur·

66 662 75 672 “
123 649 250 727 laudet,
276 649 494 735 speciosiorem
516 647 615 724 illud,
637 670 732 734 quam
752 649 922 728 veriorem,
943 655 1072 735 praebet
1095 678 1230 723 sensum.

119 757 269 834 Scilicet,
296 779 359 820 non
386 769 506 820 tantum
531 778 566 818 ex
597 757 750 821 sententia
773 757 909 822 Lucretii
934 763 1037 826 omnio
1073 767 1111 827 in
1142 765 1232 828 terris

123 865 263 949 conspici
289 875 419 949 possunt
450 862 503 926 sed
529 875 559 926 et
592 863 671 926 inira
701 884 767 946 per
798 875 911 929 terram
956 867 1135 934 discernere
1159 872 1233 934 licet

121 994 205 1058 quae
243 972 301 1036 sub
334 971 467 1055 pedibus
502 981 676 1056 geruntur,
717 971 759 1034 ita
795 983 828 1035 ut
862 975 944 1037 acies
979 979 1143 1042 oculorum
1179 999 1235 1062 per

121 1090 236 1142 terram
261 1077 349 1164 quasi
375 1099 431 1161 per
455 1077 569 1140 vitrum
603 1073 796 1159 pellucidum
830 1092 993 1161 penetrem
1030 1094 1126 1168 atque
1159 1081 1234 1146 hinc

120 1185 223 1250 sensui
252 1186 352 1248 multo
378 1183 476 1268 magis
501 1195 544 1245 cst
568 1182 748 1266 adaptatum
779 1182 1010 1269 dispiciantur
1042 1211 1136 1274 quant
1164 1188 1235 1252 dee-

116 1290 310 1374 picturator.

175 1398 207 1472 3,
221 1395 275 1460 28.
323 1396 517 1458 Restituator
541 1393 646 1456 invitis
677 1394 749 1457 viris
773 1397 901 1460 summis
926 1435 947 1445 -
971 1400 1129 1464 Gronosio
1155 1399 1230 1487 (ibi)

126 1502 332 1566 et'Lamhino
370 1496 460 1587 (titt)
488 1500 665 1584 legentibus
692 1501 786 1564 lentio
810 1502 955 1568 codicum
978 1506 1059 1584 ubi,
1085 1507 1234 1591 pulcher·

123 1609 221 1685 rime,
250 1614 424 1693 politaque,
462 1604 624 1691 phantasia
657 1605 807 1691 abrepto,
843 1608 1035 1694 dignissima.
1093 1615 1236 1697 Nempe,

123 1735 221 1802 quum
253 1713 330 1778 dicit
353 1724 457 1776 noster
482 1733 537 1796 per
556 1713 701 1776 tellurem
724 1714 824 1777 aciem
856 1718 967 1780 mentis
996 1731 1162 1802 penetrare
1184 1731 1233 1795 et,

120 1821 154 1884 in
184 1820 294 1908 abysso
331 1841 413 1906 quae
453 1819 549 1893 liant,
591 1817 770 1892 discernere
819 1842 924 1903 posse,
967 1830 1058 1907 poeta
1093 1825 1159 1908 jam
1201 1826 1234 1888 in

123 1927 227 1992 medio
256 1928 312 1990 illo
344 1926 428 1988 inani
460 1936 632 1988 versantem
666 1947 698 1988 se
729 1925 842 2010 lingit,
864 1937 961 2014 atque
991 1929 1052 2004 ibi,
1083 1930 1235 1994 immenso

124 2030 182 2098 illo
210 2033 308 2118 spatio
340 2043 445 2126 mente
474 2031 640 2114 percussa,
662 2029 790 2096 horrore
821 2054 909 2096 sacro
933 2034 985 2098 sed
1017 2037 1113 2100 menti
1146 2048 1234 2122 grato

127 2150 307 2224 correptum
332 2138 492 2222 proponit.
541 2137 664 2213 Tellus,
700 2139 821 2223 inquit,
853 2161 914 2202 non
941 2142 1042 2204 obstat
1065 2145 1234 2228 quominus

122 2247 182 2311 sub
206 2247 320 2309 tellure
346 2247 378 2307 in
408 2243 496 2307 inani
525 2245 677 2306 versantia
697 2243 934 2322 discernentem
958 2247 1010 2310 ubi
1035 2245 1090 2333 (sc.
1115 2250 1147 2311 in
1173 2247 1234 2311 hoe

123 2351 230 2429 inani,
256 2372 319 2438 quo
354 2373 386 2414 se
413 2349 551 2414 delatum
580 2371 646 2413 esse
677 2355 767 2434 potita
800 2351 966 2434 inspiratus
1009 2351 1121 2440 credit)
1156 2354 1234 2419 baec

124 2459 228 2523 omnia
251 2458 349 2522 oculis
384 2454 540 2520 ridentem
566 2457 709 2540 voluptas
742 2478 792 2519 me
824 2457 957 2540 percipit
986 2470 1080 2545 atque
1109 2459 1232 2527 horror.

123 2563 307 2628 Phantasma
330 2561 574 2646 becpulcrnm,
597 2563 720 2626 sublato
739 2561 815 2638 sobi,
848 2561 1002 2647 quidquid
1032 2566 1233 2642 restituatur,
1319 2629 1328 2648 ⁸

123 2670 252 2735 omniuo
280 2669 422 2744 tollitur,
457 2669 503 2732 uti
535 2669 643 2754 magni
677 2668 724 2731 illi
749 2669 807 2733 viri
840 2669 1003 2746 lecerunt,
1040 2670 1234 2754 phantasiam

122 2777 277 2862 poeticam
298 2774 435 2838 Lucretii
459 2773 550 2860 (paee
571 2773 822 2838 venerandorum
843 2774 981 2837 manium
1001 2774 1120 2840 dietum
1153 2774 1231 2860 esto)

124 2902 188 2945 non
209 2891 418 2966 assequentes.

167 2989 264 3065 3,98.
315 2986 482 3050 Lambinus
513 2984 553 3048 de
578 2982 645 3048 hoc
672 3007 779 3061 versu,
811 2986 918 3071 quiin
940 2985 1144 3051 Vossianiset
1167 2990 1236 3073 ple·

123 3095 229 3180 risque
255 3094 366 3157 ceteris
394 3091 500 3177 debet,
524 3091 623 3155 altum
645 3088 737 3155 tenet‘
750 3079 929 3168 silentium,
953 3091 1036 3156 unde
1057 3105 1141 3157 recte
1156 3114 1235 3157 con·
1269 3157 1273 3170 Χ
1385 3119 1389 3128 ·

122 3198 231 3265 eludas
263 3221 335 3262 eum
368 3199 400 3261 in
432 3198 494 3262 suis
524 3196 685 3261 codicibus
716 3195 801 3290 bunc
822 3217 944 3260 versiam
964 3198 1235 3286 invenisse,quia

124 3307 194 3370 talis
212 3305 334 3368 omissio
362 3305 485 3390 gravior
518 3315 562 3367 est
592 3326 687 3390 quam
718 3315 752 3367 nt
780 3304 874 3368 tacite
892 3305 1168 3387 praetermittatur.
1203 3305 1235 3370 Si

123 3412 202 3478 haec
231 3423 304 3475 sunt
329 3411 525 3494 probabilia,
549 3409 756 3476 differentiam
780 3409 832 3475 blc
860 3409 966 3475 videre
997 3411 1072 3476 licet
1107 3411 1232 3478 codices
1297 3463 1307 3474 „

121 3518 264 3584 Lambini
283 3518 365 3581 iuter
397 3529 429 3581 et
446 3517 545 3584 Vossii
579 3529 626 3592 et,
666 3539 787 3604 quum,
816 3517 971 3605 quidquid
1007 3517 1235 3582 Wakefieldius

124 3625 223 3701 dieat,
250 3646 354 3688 versus
386 3625 440 3686 ille
480 3625 587 3688 abesse
625 3646 686 3687 non
730 3626 844 3708 possit,
879 3645 983 3710 nequo
1019 3623 1058 3686 ud
1089 3624 1235 3688 lacunam

122 3731 263 3818 plurium
301 3729 509 3814 supplendam
538 3731 677 3794 intrusus
718 3751 785 3793 esse
816 3728 978 3805 videatur,
1010 3740 1065 3792 aut
1092 3729 1235 3794 Lambini

122 3837 246 3904 cedices
272 3836 429 3904 Vossianis
448 3848 622 3921 praestare,
652 3847 706 3899 aut
727 3837 837 3900 saltem
864 3835 1046 3921 diligentius
1068 3856 1104 3898 ex
1120 3834 1235 3900 arche-

122 3956 198 4031 typo
232 3942 404 4029 descriptos
433 3964 500 4006 esse
522 3954 649 4010 statuas.

168 4039 333 4133 Ἀκρίτως
365 4058 469 4112 autem
488 4048 535 4111 illi
564 4047 712 4111 videntur
740 4044 818 4110 mihi
847 4046 971 4124 lacere,
1004 4049 1081 4134 qui,
1099 4049 1132 4112 in
1156 4048 1236 4113 refe·

123 4152 229 4220 randis
247 4153 393 4218 codicum
426 4154 635 4230 lectionibus,
675 4175 712 4222 ex
751 4153 938 4218 auctoritate
972 4155 1148 4239 arrogantis
1185 4165 1235 4231 et,

122 4260 265 4348 quamvis
302 4281 428 4334 severe,
466 4281 528 4324 uon
564 4273 667 4325 tamen
690 4259 807 4344 injuste
843 4281 861 4324 a
903 4259 1056 4345 Madvigic
1095 4259 1236 4346 castigati

123 4365 348 4445 walthelmi,
370 4365 587 4432 auctoritatem
608 4366 770 4442 Lambini,
801 4367 859 4429 riri
888 4365 1127 4451 elegantissimi,
1156 4387 1237 4432 acts-
1318 4409 1320 4418 ,

124 4473 234 4538 tissimi
254 4484 302 4551 et,
323 4475 436 4558 siquis
470 4473 569 4550 alins,
602 4474 732 4560 linguae
749 4473 876 4538 Latinae
910 4472 1020 4536 intima
1055 4473 1235 4558 cognitione
