2920 5044
262 329 275 360 O

673 363 717 426 ta

181 555 339 642 Expliees:
373 558 476 620 omnia
517 566 636 620 serrant
672 578 768 642 genus
788 557 852 642 ejus
885 560 945 632 rei,
980 581 1061 645 quae
1097 564 1244 646 paulatim

140 664 267 739 crescit,
314 664 355 726 ita
391 674 427 726 ut
471 664 642 749 perspicere
686 664 777 747 pessis
819 679 978 750 quamque
1014 689 1078 730 rem
1114 690 1176 732 nen
1212 691 1246 734 ex

136 771 241 834 alienis
273 767 324 832 sed
348 767 485 852 ejusdem
516 769 633 855 generis
668 769 820 832 alimentis
842 771 960 856 augeri.

181 873 241 938 Sed
263 874 395 939 dubium
409 886 500 939 restat
512 874 617 940 oblib.
641 879 716 940 2vs.
742 877 808 940 709
829 897 1033 940 »conservare
1047 900 1143 963 genus
1166 901 1246 944 eres-

136 981 237 1045 eentia
261 1001 345 1066 posse
369 979 541 1045 videmus.’'
589 980 675 1044 Prius
716 983 922 1068 cogitaveram
957 981 996 1046 de
1036 985 1245 1051 emendando:

137 1098 292 1152 creseunt
316 1099 438 1174 atque,
463 1099 617 1152 creseunt
636 1099 764 1174 eatque.
811 1080 998 1154 Haee'verbi
1021 1104 1177 1155 arescunt
1199 1115 1246 1157 re·

135 1196 242 1280 petitio
268 1193 352 1258 baud
386 1216 458 1258 sane
483 1193 653 1278 injucunda
682 1195 813 1272 auribus¹
838 1194 1008 1276 aecider013
1041 1197 1092 1261 sed
1120 1201 1246 1262 alteram

135 1302 299 1366 lectionem
329 1303 475 1385 praefero.

183 1410 303 1484 1‚358.
339 1407 470 1488 'Quidni
491 1430 527 1472 ex
549 1408 591 1485 Z,
628 1409 682 1492 qui
718 1408 811 1472 habet
838 1409 991 1473 vaterem
1021 1409 1118 1496 (inY
1141 1411 1246 1495 priore

136 1513 288 1598 scriptura
309 1514 433 1599 penitus
452 1510 549 1598 erasa)
570 1515 693 1600 legatur
724 1515 882 1578 valeret?

183 1621 214 1695 1,
226 1621 301 1684 426.
326 1675 329 1682 .
348 1619 473 1684 Infelici
488 1619 619 1683 novandi
637 1619 785 1703 cupidine
805 1619 950 1712 abducti,
972 1621 1197 1688 Wakefieldius
1216 1634 1247 1688 et
1286 1699 1288 1702 Ι

135 1724 298 1810 Forbiger,
320 1724 462 1812 neglectd
486 1717 676 1809 optimarum
696 1725 841 1790 codicum
873 1727 1072 1804 auctoritate,
1094 1728 1247 1793 dederunt

135 1831 269 1894 animos
288 1852 344 1916 pre
368 1831 499 1906 animi,
532 1831 617 1915 quod
646 1829 835 1896 exhibebant
865 1843 999 1918 quatuor
1025 1834 1167 1898 Lambini
1183 1856 1247 1899 eo-

136 1936 242 2013 dices,
271 1936 354 2001 inter
385 1958 464 2022 quos
494 1936 692 2002 Bertinianus
718 1950 749 2002 et
764 1939 987 2015 Memmianus,
1009 1951 1040 2003 et
1073 1941 1112 2006 G.
1137 1941 1178 2007 Y.
1203 1941 1245 2019 Z,

23 2077 30 2088 ·
136 2039 183 2106 uti
202 2052 294 2126 ,patet
321 2062 357 2105 ex
394 2041 516 2106 silentio
544 2043 758 2128 Havereampi.
804 2044 1073 2129 supervacaneum
1098 2056 1161 2121 est,
1192 2043 1247 2110 ad·

135 2148 230 2224 dere,
251 2147 493 2212 construendum
515 2171 597 2224 esse,
622 2149 735 2212 animi
764 2142 909 2214 ratione.
966 2151 1011 2214 Ita
1041 2172 1163 2235 semper
1185 2151 1247 2215 Lu·
1292 2191 1298 2198 ,

137 2255 253 2319 cretius
272 2253 473 2340 confirmare
500 2255 653 2318 construit
685 2254 951 2320 eumaccusativo
978 2256 1040 2330 rei,
1066 2276 1159 2340 quarn
1177 2278 1248 2339 per·
1323 2237 1326 2244 ¹

69 2437 72 2444 Ι
138 2359 266 2425 suadere
296 2358 416 2437 studet,
438 2381 502 2426 non
522 2359 679 2438 bominis,
709 2362 762 2426 eui
786 2359 1033 2446 persuadendum
1055 2371 1116 2435 est,
1133 2362 1246 2438 2,178.

184 2488 202 2528 »
217 2467 284 2530 Hoc
306 2476 410 2530 tamen
434 2487 470 2529 ex
493 2465 566 2550 ipsis
590 2465 669 2529 coeli
696 2465 867 2530 rationibus
901 2465 1000 2528 ausim
1029 2465 1246 2532 confirmare.”

141 2570 251 2659 (repet.
272 2574 371 2648 5,197
390 2573 422 2634 sa
443 2568 476 2657 8)
503 2573 605 2647 1-,184
621 2573 653 2634 dr
676 2576 708 2636 5.
756 2572 876 2636 »Nune
891 2572 977 2636 loeus
995 2583 1040 2635 est
1058 2570 1106 2660 (ut
1125 2569 1249 2659 opinor)

139 2679 173 2743 in
189 2677 236 2741 bis
265 2677 344 2742 ittud
369 2697 496 2762 quoque
525 2677 831 2764 rebusCenfirmare
854 2678 956 2757 tibi;’'
978 2699 1057 2763 quae
1084 2685 1195 2763 potita,
1223 2678 1248 2742 si

141 2784 367 2869 Forbigeranus
405 2794 497 2858 esset,
537 2784 672 2860 seribere
719 2783 888 2849 debuisset:
928 2785 1015 2848 loeus
1058 2795 1103 2848 est
1135 2783 1250 2847 confir·

140 2911 225 2952 mare
246 2900 278 2951 ta
307 2889 384 2953 atto.
433 2891 464 2964 6,
478 2891 554 2954 996.
604 2890 702 2970 »Qua
732 2901 859 2974 propter
889 2891 969 2954 bene
993 2889 1049 2954 ubi
1074 2875 1154 2954 haee
1173 2910 1249 2953 eon·
1310 2946 1313 2956 .

139 2996 259 3060 firmata
282 2983 376 3080 atque
398 2996 497 3060 locata
521 2994 634 3059 Ornnia
666 2995 900 3060 constiterint.’'

184 3103 305 3178 Sensu,
336 3121 399 3186 qun
419 3099 471 3166 bic
490 3099 672 3177 adhibetur,
694 3101 789 3164 retia
811 3101 924 3165 animi
943 3100 1081 3164 oceurrit
1096 3101 1128 3163 in
1150 3102 1249 3176 1,449

139 3229 157 3269 »
168 3206 288 3271 ratione
304 3206 422 3282 animi,
453 3225 548 3290 quarn
563 3204 729 3289 'quisquam
753 3205 847 3287 pessit
873 3204 1005 3289 apisci.’'

187 3314 306 3386 1,428.
353 3312 393 3375 G.
422 3311 462 3376 Y.
498 3311 522 3373 Z
557 3311 671 3375 babent
706 3333 763 3395 pro
785 3315 995 3397 »quaquam'’
1033 3314 1248 3395 ›>usquam,”

139 3418 224 3503 quod
255 3416 408 3494 arrideat,
432 3418 479 3480 rel
512 3417 601 3483 codd.
633 3417 866 3502 refragantibus.
921 3415 994 3480 Loci
1024 3415 1105 3479 enim
1139 3415 1249 3480 adrer-

138 3524 228 3587 biurn
252 3523 444 3606 requiritur,
476 3533 505 3584 et
535 3543 704 3606 quaquam
741 3518 883 3610 (ratione)
917 3519 1048 3584 minime
1087 3519 1251 3604 respondet

140 3628 281 3748 sequenti
306 3625 398 3714 (429)
422 3649 589 3714 quoquam
618 3627 664 3715 (in
685 3627 822 3714 aliquem
840 3625 972 3710 lecum).

151 3737 218 3811 l,
233 3735 308 3797 492.
357 3732 442 3797 Fero
471 3744 516 3797 est
550 3735 582 3797 in
618 3733 658 3799 G.
686 3734 726 3798 Y.
759 3732 794 3797 Z.
832 3732 897 3794 imo
923 3732 956 3795 in
987 3730 1131 3794 omnibus
1163 3681 1249 3796 libris

139 3849 261 3926 praeter
290 3859 389 3901 unum
415 3836 491 3903 Brit.
516 3834 656 3924 I(fere).
712 3837 746 3901 Z.
776 3835 869 3900 babet
889 3835 1084 3921 ferventia,
1110 3858 1132 3900 a
1160 3837 1249 3900 litera

140 3945 243 4021 erasd;
275 3942 314 4005 de
339 3941 378 4006 G.
411 3942 449 4006 Y.
479 3935 638 4006 silentium
670 3952 755 4006 tenet
785 3942 988 4031 Havereamp.
1045 3941 1114 4003 Jarn
1145 3954 1247 4024 patet,

140 4069 215 4112 eum
235 4047 300 4110 siro
324 4047 523 4123 acutissimo,
548 4047 717 4122 Lamhinn,
743 4045 911 4134 legendum
944 4067 1021 4110 esse:
1047 4043 1250 4112 dissiliunt-

141 4175 204 4240 que
219 4149 301 4234 fere
311 4151 490 4234 ferventia
506 4141 605 4216 ‘saue
630 4175 762 4237 vapore.
830 4151 883 4216 Sic
912 4151 1029 4235 cuique
1061 4151 1249 4216 substantivo

140 4280 230 4324 suum
259 4257 411 4322 constabit
438 4255 604 4342 epitheton.
653 4257 733 4342 Apte
752 4277 860 4342 napea.
876 4257 896 4320 i.
924 4278 951 4318 e.
972 4256 1056 4346 calor
1082 4255 1163 4340 ignis
1198 4255 1250 4320 di-

142 4363 224 4426 eitur
246 4361 352 4446 serus
379 4373 410 4424 et
435 4383 521 4426 esau
542 4362 742 4447 servantia,
773 4362 818 4426 uti
849 4381 929 4445 aqua
959 4361 1057 4424 fervet
1079 4359 1146 4450 igni
1173 4381 1251 4444 sup-

142 4467 259 4566 posito,
284 4468 336 4533 sed
365 4468 468 4533 minus
494 4479 577 4534 reete
601 4469 705 4555 ignis,
726 4471 810 4534 calor
823 4467 904 4554 ignis
920 4466 1036 4532 dieitur
1047 4465 1251 4550 servaro.-
