<?xml version="1.0" encoding="UTF-8"?>
<!DOCTYPE html PUBLIC "-//W3C//DTD XHTML 1.0 Transitional//EN"
    "http://www.w3.org/TR/xhtml1/DTD/xhtml1-transitional.dtd">
<html xmlns="http://www.w3.org/1999/xhtml" xml:lang="en" lang="en">
 <head>
  <title>
</title>
<meta http-equiv="Content-Type" content="text/html;charset=utf-8" />
  <meta name='ocr-system' content='tesseract 3.04.00' />
  <meta name='ocr-capabilities' content='ocr_page ocr_carea ocr_par ocr_line ocrx_word'/>
</head>
<body>
  <div class='ocr_page' id='page_1' title='image "./dissertatiocrit00roosgoog_0062.png"; bbox 0 0 2874 5048; ppageno 0'>
   <div class='ocr_carea' id='block_1_1' title="bbox 650 355 696 420">
    <p class='ocr_par' dir='ltr' id='par_1_1' title="bbox 650 355 696 420">
     <span class='ocr_line' id='line_1_1' title="bbox 650 355 696 420; baseline -0.065 0"><span class='ocrx_word' id='word_1_1' title='bbox 650 355 696 420; x_wconf 83' lang='lat' dir='ltr'>te</span> 
     </span>
    </p>
   </div>
   <div class='ocr_carea' id='block_1_2' title="bbox 42 548 1260 2231">
    <p class='ocr_par' dir='ltr' id='par_1_2' title="bbox 42 548 1260 2231">
     <span class='ocr_line' id='line_1_2' title="bbox 122 548 1230 640; baseline 0.003 -24"><span class='ocrx_word' id='word_1_2' title='bbox 122 551 221 616; x_wconf 87' lang='lat' dir='ltr'>lutbia</span> <span class='ocrx_word' id='word_1_3' title='bbox 254 562 318 614; x_wconf 88' lang='lat' dir='ltr'>tuor</span> <span class='ocrx_word' id='word_1_4' title='bbox 347 571 491 632; x_wconf 88' lang='lat' dir='ltr'>semper,</span> <span class='ocrx_word' id='word_1_5' title='bbox 523 550 554 640; x_wconf 82' lang='lat' dir='ltr'>in</span> <span class='ocrx_word' id='word_1_6' title='bbox 597 548 701 611; x_wconf 90' lang='lat' dir='ltr'>animo</span> <span class='ocrx_word' id='word_1_7' title='bbox 741 549 871 625; x_wconf 87' lang='lat' dir='ltr'>saltem,</span> <span class='ocrx_word' id='word_1_8' title='bbox 904 552 1019 627; x_wconf 89' lang='lat' dir='ltr'>oritur,</span> <span class='ocrx_word' id='word_1_9' title='bbox 1055 553 1107 616; x_wconf 93' lang='lat' dir='ltr'>ubi</span> <span class='ocrx_word' id='word_1_10' title='bbox 1137 555 1230 618; x_wconf 87' lang='lat' dir='ltr'>simul</span> 
     </span>
     <span class='ocr_line' id='line_1_3' title="bbox 98 654 1232 744; baseline 0.002 -21"><span class='ocrx_word' id='word_1_11' title='bbox 98 669 155 723; x_wconf 66' lang='lat' dir='ltr'>*et</span> <span class='ocrx_word' id='word_1_12' title='bbox 176 680 272 722; x_wconf 83' lang='lat' dir='ltr'>nexus</span> <span class='ocrx_word' id='word_1_13' title='bbox 304 677 375 720; x_wconf 90' lang='lat' dir='ltr'>cum</span> <span class='ocrx_word' id='word_1_14' title='bbox 403 654 660 720; x_wconf 75' lang='lat' dir='ltr'>antecedentibus</span> <span class='ocrx_word' id='word_1_15' title='bbox 684 665 713 717; x_wconf 90' lang='lat' dir='ltr'>et</span> <span class='ocrx_word' id='word_1_16' title='bbox 733 656 909 740; x_wconf 83' lang='lat' dir='ltr'>progressio</span> <span class='ocrx_word' id='word_1_17' title='bbox 927 655 965 720; x_wconf 80' lang='lat' dir='ltr'>arl</span> <span class='ocrx_word' id='word_1_18' title='bbox 984 660 1145 744; x_wconf 71' lang='lat' dir='ltr'><strong>sequentia</strong></span> <span class='ocrx_word' id='word_1_19' title='bbox 1167 683 1232 724; x_wconf 91' lang='lat' dir='ltr'>uuo</span> 
     </span>
     <span class='ocr_line' id='line_1_4' title="bbox 122 748 1232 847; baseline 0.001 -16"><span class='ocrx_word' id='word_1_20' title='bbox 122 748 235 830; x_wconf 87' lang='lat' dir='ltr'>obtutu</span> <span class='ocrx_word' id='word_1_21' title='bbox 265 753 408 846; x_wconf 71' lang='lat' dir='ltr'>scriptori</span> <span class='ocrx_word' id='word_1_22' title='bbox 448 763 676 839; x_wconf 81' lang='lat' dir='ltr'>obversantur3</span> <span class='ocrx_word' id='word_1_23' title='bbox 722 772 801 824; x_wconf 85' lang='lat' dir='ltr'>tunc</span> <span class='ocrx_word' id='word_1_24' title='bbox 843 783 918 826; x_wconf 85' lang='lat' dir='ltr'>vero</span> <span class='ocrx_word' id='word_1_25' title='bbox 963 765 1119 847; x_wconf 84' lang='lat' dir='ltr'>aptissime</span> <span class='ocrx_word' id='word_1_26' title='bbox 1150 765 1232 832; x_wconf 86' lang='lat' dir='ltr'>hanc</span> 
     </span>
     <span class='ocr_line' id='line_1_5' title="bbox 42 867 1233 955; baseline 0.002 -20"><span class='ocrx_word' id='word_1_27' title='bbox 42 951 46 955; x_wconf 84' lang='lat'>.</span> <span class='ocrx_word' id='word_1_28' title='bbox 120 871 217 935; x_wconf 91' lang='lat' dir='ltr'>animi</span> <span class='ocrx_word' id='word_1_29' title='bbox 245 869 456 933; x_wconf 86' lang='lat' dir='ltr'>conditionem</span> <span class='ocrx_word' id='word_1_30' title='bbox 488 869 579 932; x_wconf 90' lang='lat' dir='ltr'>etiam</span> <span class='ocrx_word' id='word_1_31' title='bbox 610 867 709 930; x_wconf 85' lang='lat' dir='ltr'>forma</span> <span class='ocrx_word' id='word_1_32' title='bbox 732 867 879 931; x_wconf 88' lang='lat' dir='ltr'>orationis</span> <span class='ocrx_word' id='word_1_33' title='bbox 901 870 1064 952; x_wconf 83' lang='lat' dir='ltr'>exprimet.</span> <span class='ocrx_word' id='word_1_34' title='bbox 1114 873 1233 938; x_wconf 87' lang='lat' dir='ltr'>Horum</span> 
     </span>
     <span class='ocr_line' id='line_1_6' title="bbox 122 971 1167 1062; baseline 0 -21"><span class='ocrx_word' id='word_1_35' title='bbox 122 977 262 1042; x_wconf 87' lang='lat' dir='ltr'>omniurn</span> <span class='ocrx_word' id='word_1_36' title='bbox 294 976 441 1060; x_wconf 89' lang='lat' dir='ltr'>pulcrum</span> <span class='ocrx_word' id='word_1_37' title='bbox 471 975 567 1062; x_wconf 85' lang='lat' dir='ltr'>nubis¹</span> <span class='ocrx_word' id='word_1_38' title='bbox 590 972 715 1036; x_wconf 79' lang='lat' dir='ltr'>exhibet</span> <span class='ocrx_word' id='word_1_39' title='bbox 739 971 830 1037; x_wconf 90' lang='lat' dir='ltr'>hicce</span> <span class='ocrx_word' id='word_1_40' title='bbox 861 976 948 1038; x_wconf 91' lang='lat' dir='ltr'>lucus</span> <span class='ocrx_word' id='word_1_41' title='bbox 978 979 1167 1061; x_wconf 84' lang='lat' dir='ltr'>exemplum.</span> 
     </span>
     <span class='ocr_line' id='line_1_7' title="bbox 167 1080 1232 1168; baseline 0.004 -23"><span class='ocrx_word' id='word_1_42' title='bbox 167 1083 311 1168; x_wconf 91' lang='lat' dir='ltr'>Denique</span> <span class='ocrx_word' id='word_1_43' title='bbox 332 1105 374 1146; x_wconf 86' lang='lat' dir='ltr'>rs.</span> <span class='ocrx_word' id='word_1_44' title='bbox 400 1086 485 1147; x_wconf 88' lang='lat'>1038</span> <span class='ocrx_word' id='word_1_45' title='bbox 518 1080 814 1143; x_wconf 37' lang='lat' dir='ltr'>invconstructiune</span> <span class='ocrx_word' id='word_1_46' title='bbox 855 1082 1037 1165; x_wconf 84' lang='lat' dir='ltr'>explicanda</span> <span class='ocrx_word' id='word_1_47' title='bbox 1069 1105 1128 1148; x_wconf 90' lang='lat' dir='ltr'>nec</span> <span class='ocrx_word' id='word_1_48' title='bbox 1160 1106 1232 1149; x_wconf 89' lang='lat' dir='ltr'>curn</span> 
     </span>
     <span class='ocr_line' id='line_1_8' title="bbox 120 1186 1231 1264; baseline 0.003 -12"><span class='ocrx_word' id='word_1_49' title='bbox 120 1188 349 1264; x_wconf 85' lang='lat' dir='ltr'>Wakefieldio,</span> <span class='ocrx_word' id='word_1_50' title='bbox 376 1210 434 1251; x_wconf 89' lang='lat' dir='ltr'>nec</span> <span class='ocrx_word' id='word_1_51' title='bbox 464 1209 536 1251; x_wconf 90' lang='lat' dir='ltr'>cum</span> <span class='ocrx_word' id='word_1_52' title='bbox 573 1186 710 1257; x_wconf 84' lang='lat' dir='ltr'>Orellio.</span> <span class='ocrx_word' id='word_1_53' title='bbox 741 1208 800 1250; x_wconf 88' lang='lat' dir='ltr'>nec</span> <span class='ocrx_word' id='word_1_54' title='bbox 834 1209 905 1250; x_wconf 91' lang='lat' dir='ltr'>cum</span> <span class='ocrx_word' id='word_1_55' title='bbox 945 1189 1079 1253; x_wconf 84' lang='lat' dir='ltr'>Censure</span> <span class='ocrx_word' id='word_1_56' title='bbox 1104 1192 1231 1256; x_wconf 91' lang='lat' dir='ltr'>Jenensi</span> 
     </span>
     <span class='ocr_line' id='line_1_9' title="bbox 121 1293 1233 1379; baseline 0.001 -19"><span class='ocrx_word' id='word_1_57' title='bbox 121 1295 301 1360; x_wconf 86' lang='lat' dir='ltr'>faciendum</span> <span class='ocrx_word' id='word_1_58' title='bbox 336 1295 475 1371; x_wconf 87' lang='lat' dir='ltr'>videtur,</span> <span class='ocrx_word' id='word_1_59' title='bbox 505 1293 559 1356; x_wconf 92' lang='lat' dir='ltr'>sed</span> <span class='ocrx_word' id='word_1_60' title='bbox 582 1316 684 1379; x_wconf 85' lang='lat' dir='ltr'>quum</span> <span class='ocrx_word' id='word_1_61' title='bbox 704 1294 962 1379; x_wconf 85' lang='lat' dir='ltr'>conjungendum</span> <span class='ocrx_word' id='word_1_62' title='bbox 984 1317 1056 1360; x_wconf 90' lang='lat' dir='ltr'>curn</span> <span class='ocrx_word' id='word_1_63' title='bbox 1075 1297 1233 1361; x_wconf 77' lang='lat' dir='ltr'>uidendi:</span> 
     </span>
     <span class='ocr_line' id='line_1_10' title="bbox 122 1397 1234 1491; baseline 0.002 -25"><span class='ocrx_word' id='word_1_64' title='bbox 122 1423 225 1489; x_wconf 83' lang='lat' dir='ltr'>quum</span> <span class='ocrx_word' id='word_1_65' title='bbox 253 1400 388 1464; x_wconf 82' lang='lat' dir='ltr'>uidendi</span> <span class='ocrx_word' id='word_1_66' title='bbox 408 1403 533 1464; x_wconf 78' lang='lat' dir='ltr'>satiate</span> <span class='ocrx_word' id='word_1_67' title='bbox 542 1397 658 1484; x_wconf 80' lang='lat' dir='ltr'>fessus</span> <span class='ocrx_word' id='word_1_68' title='bbox 678 1423 781 1464; x_wconf 85' lang='lat' dir='ltr'>nemo.</span> <span class='ocrx_word' id='word_1_69' title='bbox 796 1401 912 1464; x_wconf 87' lang='lat' dir='ltr'>-Jam</span> <span class='ocrx_word' id='word_1_70' title='bbox 941 1402 1109 1466; x_wconf 83' lang='lat' dir='ltr'>Lambinus</span> <span class='ocrx_word' id='word_1_71' title='bbox 1130 1425 1234 1491; x_wconf 79' lang='lat' dir='ltr'>quum</span> 
     </span>
     <span class='ocr_line' id='line_1_11' title="bbox 122 1504 1234 1590; baseline 0.003 -18"><span class='ocrx_word' id='word_1_72' title='bbox 122 1530 195 1572; x_wconf 92' lang='lat' dir='ltr'>cunr</span> <span class='ocrx_word' id='word_1_73' title='bbox 220 1505 357 1570; x_wconf 81' lang='lat' dir='ltr'>videndi</span> <span class='ocrx_word' id='word_1_74' title='bbox 384 1507 585 1590; x_wconf 85' lang='lat' dir='ltr'>conjunxisse</span> <span class='ocrx_word' id='word_1_75' title='bbox 617 1504 759 1582; x_wconf 81' lang='lat' dir='ltr'>videtur,</span> <span class='ocrx_word' id='word_1_76' title='bbox 791 1529 869 1583; x_wconf 87' lang='lat' dir='ltr'>nec,</span> <span class='ocrx_word' id='word_1_77' title='bbox 907 1509 982 1571; x_wconf 88' lang='lat' dir='ltr'>licet</span> <span class='ocrx_word' id='word_1_78' title='bbox 1013 1509 1128 1574; x_wconf 86' lang='lat' dir='ltr'>durum</span> <span class='ocrx_word' id='word_1_79' title='bbox 1159 1532 1234 1574; x_wconf 89' lang='lat' dir='ltr'>cen·</span> 
     </span>
     <span class='ocr_line' id='line_1_12' title="bbox 120 1613 1163 1700; baseline 0.003 -22"><span class='ocrx_word' id='word_1_80' title='bbox 120 1626 205 1689; x_wconf 87' lang='lat' dir='ltr'>seat,</span> <span class='ocrx_word' id='word_1_81' title='bbox 226 1613 402 1696; x_wconf 90' lang='lat' dir='ltr'>improbat,</span> <span class='ocrx_word' id='word_1_82' title='bbox 433 1615 510 1700; x_wconf 92' lang='lat' dir='ltr'>quin</span> <span class='ocrx_word' id='word_1_83' title='bbox 532 1615 574 1676; x_wconf 90' lang='lat' dir='ltr'>ita</span> <span class='ocrx_word' id='word_1_84' title='bbox 604 1613 739 1696; x_wconf 84' lang='lat' dir='ltr'>explicat</span> <span class='ocrx_word' id='word_1_85' title='bbox 768 1614 834 1696; x_wconf 90' lang='lat' dir='ltr'>ipse</span> <span class='ocrx_word' id='word_1_86' title='bbox 864 1613 903 1677; x_wconf 76' lang='lat' dir='ltr'>ael</span> <span class='ocrx_word' id='word_1_87' title='bbox 932 1615 1044 1681; x_wconf 62' lang='lat' dir='ltr'>tibet</span> <span class='ocrx_word' id='word_1_88' title='bbox 1068 1639 1110 1681; x_wconf 86' lang='lat' dir='ltr'>vs.</span> <span class='ocrx_word' id='word_1_89' title='bbox 1132 1622 1163 1681; x_wconf 90' lang='grc'>5.</span> 
     </span>
     <span class='ocr_line' id='line_1_13' title="bbox 169 1714 1233 1806; baseline 0.002 -22"><span class='ocrx_word' id='word_1_90' title='bbox 169 1714 309 1796; x_wconf 77' lang='grc'><strong>2,1047.</strong></span> <span class='ocrx_word' id='word_1_91' title='bbox 358 1721 395 1783; x_wconf 90' lang='lat' dir='ltr'>lu</span> <span class='ocrx_word' id='word_1_92' title='bbox 427 1721 498 1783; x_wconf 91' lang='lat' dir='ltr'>luco</span> <span class='ocrx_word' id='word_1_93' title='bbox 529 1719 663 1782; x_wconf 90' lang='lat' dir='ltr'>multum</span> <span class='ocrx_word' id='word_1_94' title='bbox 687 1719 803 1802; x_wconf 87' lang='lat' dir='ltr'>agitato</span> <span class='ocrx_word' id='word_1_95' title='bbox 835 1720 983 1806; x_wconf 81' lang='lat' dir='ltr'>variaque</span> <span class='ocrx_word' id='word_1_96' title='bbox 1009 1719 1130 1785; x_wconf 81' lang='lat' dir='ltr'>tallone</span> <span class='ocrx_word' id='word_1_97' title='bbox 1160 1733 1233 1786; x_wconf 87' lang='lat' dir='ltr'>ten·</span> 
     </span>
     <span class='ocr_line' id='line_1_14' title="bbox 123 1824 1231 1915; baseline -0.001 -24"><span class='ocrx_word' id='word_1_98' title='bbox 123 1838 186 1891; x_wconf 88' lang='lat' dir='ltr'>tatu</span> <span class='ocrx_word' id='word_1_99' title='bbox 219 1826 311 1889; x_wconf 90' lang='lat' dir='ltr'>liceat</span> <span class='ocrx_word' id='word_1_100' title='bbox 335 1825 411 1890; x_wconf 90' lang='lat' dir='ltr'>mihi</span> <span class='ocrx_word' id='word_1_101' title='bbox 447 1826 535 1911; x_wconf 87' lang='lat' dir='ltr'>sequi</span> <span class='ocrx_word' id='word_1_102' title='bbox 571 1825 787 1888; x_wconf 78' lang='lat' dir='ltr'>auctoritatem</span> <span class='ocrx_word' id='word_1_103' title='bbox 822 1825 962 1890; x_wconf 89' lang='lat' dir='ltr'>Vossiani</span> <span class='ocrx_word' id='word_1_104' title='bbox 996 1827 1123 1890; x_wconf 85' lang='lat' dir='ltr'>alterius</span> <span class='ocrx_word' id='word_1_105' title='bbox 1156 1824 1231 1915; x_wconf 80' lang='lat' dir='ltr'>(Y),</span> 
     </span>
     <span class='ocr_line' id='line_1_15' title="bbox 122 1930 1233 2020; baseline 0.001 -23"><span class='ocrx_word' id='word_1_106' title='bbox 122 1934 191 2010; x_wconf 82' lang='lat' dir='ltr'>sit,</span> <span class='ocrx_word' id='word_1_107' title='bbox 221 1954 286 2020; x_wconf 84' lang='lat' dir='ltr'>quo</span> <span class='ocrx_word' id='word_1_108' title='bbox 320 1932 403 1998; x_wconf 85' lang='lat' dir='ltr'>uolet</span> <span class='ocrx_word' id='word_1_109' title='bbox 437 1934 509 2016; x_wconf 79' lang='lat' dir='ltr'>ipse</span> <span class='ocrx_word' id='word_1_110' title='bbox 537 1930 733 2014; x_wconf 87' lang='lat' dir='ltr'>praebentis,</span> <span class='ocrx_word' id='word_1_111' title='bbox 770 1943 800 1993; x_wconf 93' lang='lat' dir='ltr'>et</span> <span class='ocrx_word' id='word_1_112' title='bbox 832 1931 948 1994; x_wconf 89' lang='lat' dir='ltr'>codicis</span> <span class='ocrx_word' id='word_1_113' title='bbox 977 1932 1133 2009; x_wconf 78' lang='lat' dir='ltr'>vindob,</span> <span class='ocrx_word' id='word_1_114' title='bbox 1163 1945 1233 2018; x_wconf 84' lang='lat' dir='ltr'>post</span> 
     </span>
     <span class='ocr_line' id='line_1_16' title="bbox 125 2037 1260 2127; baseline 0 -23"><span class='ocrx_word' id='word_1_115' title='bbox 125 2040 289 2104; x_wconf 85' lang='lat' dir='ltr'>Vossianus</span> <span class='ocrx_word' id='word_1_116' title='bbox 325 2039 408 2102; x_wconf 87' lang='lat' dir='ltr'>iuter</span> <span class='ocrx_word' id='word_1_117' title='bbox 448 2059 555 2102; x_wconf 89' lang='lat' dir='ltr'>omues</span> <span class='ocrx_word' id='word_1_118' title='bbox 604 2037 734 2121; x_wconf 91' lang='lat' dir='ltr'>optimi,</span> <span class='ocrx_word' id='word_1_119' title='bbox 785 2037 866 2100; x_wconf 91' lang='lat' dir='ltr'>idem</span> <span class='ocrx_word' id='word_1_120' title='bbox 916 2039 1077 2102; x_wconf 83' lang='lat' dir='ltr'>referentis</span> <span class='ocrx_word' id='word_1_121' title='bbox 1120 2041 1260 2127; x_wconf 38' lang='lat' dir='ltr'>omisso·</span> 
     </span>
     <span class='ocr_line' id='line_1_17' title="bbox 124 2146 333 2231; baseline 0 -23"><span class='ocrx_word' id='word_1_122' title='bbox 124 2148 183 2212; x_wconf 78' lang='lat' dir='ltr'>eit.</span> <span class='ocrx_word' id='word_1_123' title='bbox 231 2146 333 2231; x_wconf 84' lang='lat' dir='ltr'>Ergo:</span> 
     </span>
    </p>
   </div>
   <div class='ocr_carea' id='block_1_3' title="bbox 189 2351 1187 2547">
    <p class='ocr_par' dir='ltr' id='par_1_3' title="bbox 189 2351 1187 2547">
     <span class='ocr_line' id='line_1_18' title="bbox 192 2351 1187 2440; baseline 0.004 -24"><span class='ocrx_word' id='word_1_124' title='bbox 192 2352 284 2440; x_wconf 80' lang='lat' dir='ltr'>Quid</span> <span class='ocrx_word' id='word_1_125' title='bbox 299 2353 346 2414; x_wconf 79' lang='lat' dir='ltr'>eit</span> <span class='ocrx_word' id='word_1_126' title='bbox 365 2351 417 2413; x_wconf 77' lang='lat' dir='ltr'>iti</span> <span class='ocrx_word' id='word_1_127' title='bbox 429 2371 554 2434; x_wconf 89' lang='lat' dir='ltr'>porro,</span> <span class='ocrx_word' id='word_1_128' title='bbox 573 2373 637 2437; x_wconf 82' lang='lat' dir='ltr'>quo</span> <span class='ocrx_word' id='word_1_129' title='bbox 651 2354 844 2436; x_wconf 76' lang='lat' dir='ltr'>prospicere</span> <span class='ocrx_word' id='word_1_130' title='bbox 870 2376 972 2439; x_wconf 77' lang='lat' dir='ltr'>usque</span> <span class='ocrx_word' id='word_1_131' title='bbox 994 2354 1075 2416; x_wconf 79' lang='lat' dir='ltr'>velit</span> <span class='ocrx_word' id='word_1_132' title='bbox 1096 2378 1187 2420; x_wconf 79' lang='lat' dir='ltr'>mene</span> 
     </span>
     <span class='ocr_line' id='line_1_19' title="bbox 189 2445 1186 2547; baseline 0.001 -25"><span class='ocrx_word' id='word_1_133' title='bbox 189 2459 300 2547; x_wconf 83' lang='lat' dir='ltr'>Atque</span> <span class='ocrx_word' id='word_1_134' title='bbox 320 2460 431 2538; x_wconf 76' lang='lat' dir='ltr'>opimi</span> <span class='ocrx_word' id='word_1_135' title='bbox 446 2459 568 2544; x_wconf 77' lang='lat' dir='ltr'>jactus</span> <span class='ocrx_word' id='word_1_136' title='bbox 590 2457 675 2521; x_wconf 78' lang='lat' dir='ltr'>liber</span> <span class='ocrx_word' id='word_1_137' title='bbox 695 2460 745 2521; x_wconf 83' lang='lat' dir='ltr'>sit</span> <span class='ocrx_word' id='word_1_138' title='bbox 765 2481 829 2545; x_wconf 82' lang='lat' dir='ltr'>quo</span> <span class='ocrx_word' id='word_1_139' title='bbox 855 2459 941 2522; x_wconf 82' lang='lat' dir='ltr'>uolet</span> <span class='ocrx_word' id='word_1_140' title='bbox 962 2461 1043 2544; x_wconf 72' lang='lat' dir='ltr'>ipre</span> <span class='ocrx_word' id='word_1_141' title='bbox 1185 2445 1186 2448; x_wconf 8' lang='grc' dir='ltr'><strong>Ἴ</strong></span> 
     </span>
    </p>
   </div>
   <div class='ocr_carea' id='block_1_4' title="bbox 110 2670 1287 4457">
    <p class='ocr_par' dir='ltr' id='par_1_4' title="bbox 119 2670 1287 3180">
     <span class='ocr_line' id='line_1_20' title="bbox 122 2670 1230 2762; baseline 0.003 -26"><span class='ocrx_word' id='word_1_142' title='bbox 122 2675 143 2739; x_wconf 91' lang='lat' dir='ltr'>i.</span> <span class='ocrx_word' id='word_1_143' title='bbox 170 2695 198 2739; x_wconf 88' lang='lat' dir='ltr'>e.</span> <span class='ocrx_word' id='word_1_144' title='bbox 229 2671 478 2759; x_wconf 66' lang='lat' dir='ltr'>quaerit‚⁴quid</span> <span class='ocrx_word' id='word_1_145' title='bbox 517 2673 555 2735; x_wconf 89' lang='lat' dir='ltr'>sit</span> <span class='ocrx_word' id='word_1_146' title='bbox 589 2684 674 2736; x_wconf 85' lang='lat' dir='ltr'>extra</span> <span class='ocrx_word' id='word_1_147' title='bbox 712 2672 832 2736; x_wconf 88' lang='lat' dir='ltr'>muenia</span> <span class='ocrx_word' id='word_1_148' title='bbox 871 2670 1001 2749; x_wconf 88' lang='lat' dir='ltr'>muudi,</span> <span class='ocrx_word' id='word_1_149' title='bbox 1036 2695 1099 2760; x_wconf 91' lang='lat' dir='ltr'>quo</span> <span class='ocrx_word' id='word_1_150' title='bbox 1132 2695 1230 2762; x_wconf 86' lang='lat' dir='ltr'>usque</span> 
     </span>
     <span class='ocr_line' id='line_1_21' title="bbox 124 2779 1229 2865; baseline 0.001 -21"><span class='ocrx_word' id='word_1_151' title='bbox 124 2802 211 2844; x_wconf 89' lang='lat' dir='ltr'>meus</span> <span class='ocrx_word' id='word_1_152' title='bbox 241 2780 315 2842; x_wconf 84' lang='lat' dir='ltr'>velit</span> <span class='ocrx_word' id='word_1_153' title='bbox 342 2779 521 2864; x_wconf 83' lang='lat' dir='ltr'>prospicere</span> <span class='ocrx_word' id='word_1_154' title='bbox 552 2791 582 2841; x_wconf 93' lang='lat' dir='ltr'>et</span> <span class='ocrx_word' id='word_1_155' title='bbox 614 2801 779 2865; x_wconf 84' lang='lat' dir='ltr'>quousque</span> <span class='ocrx_word' id='word_1_156' title='bbox 810 2780 905 2842; x_wconf 85' lang='lat' dir='ltr'>animi</span> <span class='ocrx_word' id='word_1_157' title='bbox 930 2779 1034 2861; x_wconf 85' lang='lat' dir='ltr'>jactus</span> <span class='ocrx_word' id='word_1_158' title='bbox 1064 2782 1103 2843; x_wconf 87' lang='lat' dir='ltr'>sit</span> <span class='ocrx_word' id='word_1_159' title='bbox 1127 2780 1229 2858; x_wconf 85' lang='lat' dir='ltr'>liber,</span> 
     </span>
     <span class='ocr_line' id='line_1_22' title="bbox 120 2870 1287 2972; baseline 0.001 -23"><span class='ocrx_word' id='word_1_160' title='bbox 120 2908 184 2972; x_wconf 94' lang='lat' dir='ltr'>quo</span> <span class='ocrx_word' id='word_1_161' title='bbox 215 2887 282 2971; x_wconf 92' lang='lat' dir='ltr'>ipse</span> <span class='ocrx_word' id='word_1_162' title='bbox 314 2887 417 2949; x_wconf 82' lang='lat' dir='ltr'>volare</span> <span class='ocrx_word' id='word_1_163' title='bbox 442 2886 546 2969; x_wconf 89' lang='lat' dir='ltr'>possit.</span> <span class='ocrx_word' id='word_1_164' title='bbox 595 2886 672 2948; x_wconf 84' lang='lat' dir='ltr'>Nam</span> <span class='ocrx_word' id='word_1_165' title='bbox 706 2898 790 2949; x_wconf 90' lang='lat' dir='ltr'>recte</span> <span class='ocrx_word' id='word_1_166' title='bbox 816 2884 942 2972; x_wconf 80' lang='lat' dir='ltr'>quiden]</span> <span class='ocrx_word' id='word_1_167' title='bbox 975 2885 1124 2970; x_wconf 85' lang='lat' dir='ltr'>Furbiger</span> <span class='ocrx_word' id='word_1_168' title='bbox 1155 2908 1230 2950; x_wconf 89' lang='lat' dir='ltr'>seo·</span> <span class='ocrx_word' id='word_1_169' title='bbox 1284 2870 1287 2876; x_wconf 37' lang='lat'>¹</span> 
     </span>
     <span class='ocr_line' id='line_1_23' title="bbox 119 2990 1228 3077; baseline 0.001 -22"><span class='ocrx_word' id='word_1_170' title='bbox 119 2993 157 3055; x_wconf 88' lang='lat' dir='ltr'>sit</span> <span class='ocrx_word' id='word_1_171' title='bbox 187 2991 414 3075; x_wconf 90' lang='lat' dir='ltr'>oppositionem</span> <span class='ocrx_word' id='word_1_172' title='bbox 446 2991 563 3066; x_wconf 90' lang='lat' dir='ltr'>inesse,</span> <span class='ocrx_word' id='word_1_173' title='bbox 596 2990 647 3054; x_wconf 90' lang='lat' dir='ltr'>sed</span> <span class='ocrx_word' id='word_1_174' title='bbox 680 3013 741 3054; x_wconf 92' lang='lat' dir='ltr'>non</span> <span class='ocrx_word' id='word_1_175' title='bbox 774 3003 878 3067; x_wconf 86' lang='lat' dir='ltr'>rectu,</span> <span class='ocrx_word' id='word_1_176' title='bbox 899 2993 1092 3075; x_wconf 79' lang='lat' dir='ltr'>prospicere</span> <span class='ocrx_word' id='word_1_177' title='bbox 1118 3004 1149 3055; x_wconf 86' lang='lat' dir='ltr'>et</span> <span class='ocrx_word' id='word_1_178' title='bbox 1164 3015 1228 3077; x_wconf 88' lang='lat' dir='ltr'>pe-</span> 
     </span>
     <span class='ocr_line' id='line_1_24' title="bbox 119 3097 724 3180; baseline 0.003 -21"><span class='ocrx_word' id='word_1_179' title='bbox 119 3109 256 3160; x_wconf 84' lang='lat' dir='ltr'>netrare</span> <span class='ocrx_word' id='word_1_180' title='bbox 280 3097 339 3161; x_wconf 90' lang='lat' dir='ltr'>sibi</span> <span class='ocrx_word' id='word_1_181' title='bbox 358 3097 491 3160; x_wconf 76' lang='lat' dir='ltr'>invicem</span> <span class='ocrx_word' id='word_1_182' title='bbox 522 3098 649 3180; x_wconf 89' lang='lat' dir='ltr'>opponi.</span> <span class='ocrx_word' id='word_1_183' title='bbox 714 3136 724 3142; x_wconf 90' lang='lat'>-</span> 
     </span>
    </p>

    <p class='ocr_par' dir='ltr' id='par_1_5' title="bbox 116 3203 1253 3920">
     <span class='ocr_line' id='line_1_25' title="bbox 164 3203 1227 3289; baseline 0.001 -23"><span class='ocrx_word' id='word_1_184' title='bbox 164 3203 290 3268; x_wconf 83' lang='lat' dir='ltr'>Scilicet</span> <span class='ocrx_word' id='word_1_185' title='bbox 321 3225 357 3267; x_wconf 84' lang='lat' dir='ltr'>ex</span> <span class='ocrx_word' id='word_1_186' title='bbox 387 3204 460 3288; x_wconf 92' lang='lat' dir='ltr'>ipsis</span> <span class='ocrx_word' id='word_1_187' title='bbox 500 3204 601 3268; x_wconf 81' lang='lat' dir='ltr'>verbis</span> <span class='ocrx_word' id='word_1_188' title='bbox 634 3214 717 3289; x_wconf 82' lang='lat' dir='ltr'>patet</span> <span class='ocrx_word' id='word_1_189' title='bbox 753 3204 834 3267; x_wconf 87' lang='lat' dir='ltr'>iuter</span> <span class='ocrx_word' id='word_1_190' title='bbox 875 3225 907 3266; x_wconf 90' lang='lat' dir='ltr'>se</span> <span class='ocrx_word' id='word_1_191' title='bbox 941 3204 1056 3288; x_wconf 92' lang='lat' dir='ltr'>opponi</span> <span class='ocrx_word' id='word_1_192' title='bbox 1086 3214 1227 3267; x_wconf 88' lang='lat' dir='ltr'>mentem</span> 
     </span>
     <span class='ocr_line' id='line_1_26' title="bbox 118 3308 1229 3395; baseline -0.002 -21"><span class='ocrx_word' id='word_1_193' title='bbox 118 3321 149 3374; x_wconf 86' lang='lat' dir='ltr'>et</span> <span class='ocrx_word' id='word_1_194' title='bbox 176 3311 298 3371; x_wconf 76' lang='lat' dir='ltr'>mentia</span> <span class='ocrx_word' id='word_1_195' title='bbox 326 3330 381 3372; x_wconf 91' lang='lat' dir='ltr'>seu</span> <span class='ocrx_word' id='word_1_196' title='bbox 397 3311 510 3372; x_wconf 80' lang='lat' dir='ltr'>animi</span> <span class='ocrx_word' id='word_1_197' title='bbox 520 3311 682 3395; x_wconf 79' lang='lat' dir='ltr'>jactum3</span> <span class='ocrx_word' id='word_1_198' title='bbox 704 3331 798 3394; x_wconf 90' lang='lat' dir='ltr'>porro</span> <span class='ocrx_word' id='word_1_199' title='bbox 824 3308 908 3372; x_wconf 83' lang='lat' dir='ltr'>uelle</span> <span class='ocrx_word' id='word_1_200' title='bbox 927 3320 958 3371; x_wconf 90' lang='lat' dir='ltr'>et</span> <span class='ocrx_word' id='word_1_201' title='bbox 992 3308 1138 3374; x_wconf 78' lang='lat' dir='ltr'>liberum</span> <span class='ocrx_word' id='word_1_202' title='bbox 1160 3331 1229 3374; x_wconf 78' lang='lat' dir='ltr'>erre</span> 
     </span>
     <span class='ocr_line' id='line_1_27' title="bbox 116 3415 1226 3503; baseline -0.001 -21"><span class='ocrx_word' id='word_1_203' title='bbox 116 3440 171 3482; x_wconf 92' lang='lat' dir='ltr'>seu</span> <span class='ocrx_word' id='word_1_204' title='bbox 200 3437 313 3501; x_wconf 47' lang='lat' dir='ltr'>poscet</span> <span class='ocrx_word' id='word_1_205' title='bbox 353 3417 472 3500; x_wconf 90' lang='lat' dir='ltr'>Nempe</span> <span class='ocrx_word' id='word_1_206' title='bbox 506 3437 597 3480; x_wconf 76' lang='lat' dir='ltr'>mone</span> <span class='ocrx_word' id='word_1_207' title='bbox 640 3415 768 3503; x_wconf 87' lang='lat' dir='ltr'>quidem</span> <span class='ocrx_word' id='word_1_208' title='bbox 809 3416 896 3499; x_wconf 90' lang='lat' dir='ltr'>cupit</span> <span class='ocrx_word' id='word_1_209' title='bbox 928 3415 1107 3499; x_wconf 88' lang='lat' dir='ltr'>prospicere</span> <span class='ocrx_word' id='word_1_210' title='bbox 1140 3428 1226 3482; x_wconf 84' lang='lat' dir='ltr'>extra</span> 
     </span>
     <span class='ocr_line' id='line_1_28' title="bbox 117 3519 1223 3609; baseline -0.003 -21"><span class='ocrx_word' id='word_1_211' title='bbox 117 3524 240 3588; x_wconf 86' lang='lat' dir='ltr'>mocula</span> <span class='ocrx_word' id='word_1_212' title='bbox 271 3521 399 3599; x_wconf 87' lang='lat' dir='ltr'>mundi,</span> <span class='ocrx_word' id='word_1_213' title='bbox 434 3533 464 3585; x_wconf 89' lang='lat' dir='ltr'>ct</span> <span class='ocrx_word' id='word_1_214' title='bbox 482 3524 720 3609; x_wconf 78' lang='lat' dir='ltr'>oreimijuctus</span> <span class='ocrx_word' id='word_1_215' title='bbox 749 3519 883 3605; x_wconf 87' lang='lat' dir='ltr'>(animus</span> <span class='ocrx_word' id='word_1_216' title='bbox 902 3521 1049 3604; x_wconf 89' lang='lat' dir='ltr'>injiciens</span> <span class='ocrx_word' id='word_1_217' title='bbox 1065 3521 1148 3604; x_wconf 88' lang='lat' dir='ltr'>apud</span> <span class='ocrx_word' id='word_1_218' title='bbox 1171 3523 1223 3587; x_wconf 84' lang='lat' dir='ltr'>Ci-</span> 
     </span>
     <span class='ocr_line' id='line_1_29' title="bbox 117 3617 1225 3716; baseline 0 -24"><span class='ocrx_word' id='word_1_219' title='bbox 117 3650 285 3702; x_wconf 90' lang='lat' dir='ltr'>cerouem,</span> <span class='ocrx_word' id='word_1_220' title='bbox 310 3617 333 3712; x_wconf 78' lang='grc' dir='ltr'><strong><em>ἡ</em></strong></span> <span class='ocrx_word' id='word_1_221' title='bbox 358 3617 566 3716; x_wconf 80' lang='grc' dir='ltr'><strong><em>φανταστικὴ</em></strong></span> <span class='ocrx_word' id='word_1_222' title='bbox 603 3617 740 3711; x_wconf 76' lang='grc' dir='ltr'><strong><em>ἐπιβολή</em></strong></span> <span class='ocrx_word' id='word_1_223' title='bbox 773 3625 914 3711; x_wconf 85' lang='lat' dir='ltr'>Epicuri)</span> <span class='ocrx_word' id='word_1_224' title='bbox 938 3637 1039 3711; x_wconf 89' lang='lat' dir='ltr'>potest</span> <span class='ocrx_word' id='word_1_225' title='bbox 1064 3647 1100 3689; x_wconf 93' lang='lat' dir='ltr'>co</span> <span class='ocrx_word' id='word_1_226' title='bbox 1126 3649 1225 3714; x_wconf 89' lang='lat' dir='ltr'>usquo</span> 
     </span>
     <span class='ocr_line' id='line_1_30' title="bbox 117 3715 1225 3820; baseline 0.001 -22"><span class='ocrx_word' id='word_1_227' title='bbox 117 3746 291 3820; x_wconf 85' lang='lat' dir='ltr'>penetrare.</span> <span class='ocrx_word' id='word_1_228' title='bbox 340 3715 387 3818; x_wconf 79' lang='lat' dir='ltr'>Ita</span> <span class='ocrx_word' id='word_1_229' title='bbox 418 3733 595 3816; x_wconf 83' lang='lat' dir='ltr'>explicans,</span> <span class='ocrx_word' id='word_1_230' title='bbox 627 3733 765 3819; x_wconf 88' lang='lat' dir='ltr'>aliquam</span> <span class='ocrx_word' id='word_1_231' title='bbox 802 3735 911 3798; x_wconf 89' lang='lat' dir='ltr'>saltem</span> <span class='ocrx_word' id='word_1_232' title='bbox 951 3733 1055 3796; x_wconf 93' lang='lat' dir='ltr'>lucem</span> <span class='ocrx_word' id='word_1_233' title='bbox 1091 3733 1225 3798; x_wconf 88' lang='lat' dir='ltr'>obscuro</span> 
     </span>
     <span class='ocr_line' id='line_1_31' title="bbox 116 3823 1253 3920; baseline -0.003 -15"><span class='ocrx_word' id='word_1_234' title='bbox 116 3844 187 3906; x_wconf 92' lang='lat' dir='ltr'>luco</span> <span class='ocrx_word' id='word_1_235' title='bbox 218 3839 363 3906; x_wconf 85' lang='lat' dir='ltr'>alludisse</span> <span class='ocrx_word' id='word_1_236' title='bbox 394 3837 471 3902; x_wconf 92' lang='lat' dir='ltr'>mihi</span> <span class='ocrx_word' id='word_1_237' title='bbox 504 3839 620 3905; x_wconf 90' lang='lat' dir='ltr'>videor.</span> <span class='ocrx_word' id='word_1_238' title='bbox 784 3914 787 3920; x_wconf 17' lang='lat' dir='ltr'>y</span> <span class='ocrx_word' id='word_1_239' title='bbox 1251 3823 1253 3826; x_wconf 36' lang='grc'>’</span> 
     </span>
    </p>

    <p class='ocr_par' dir='ltr' id='par_1_6' title="bbox 110 3942 1225 4457">
     <span class='ocr_line' id='line_1_32' title="bbox 161 3942 1225 4032; baseline -0.001 -20"><span class='ocrx_word' id='word_1_240' title='bbox 161 3953 193 4022; x_wconf 89' lang='grc'>2,</span> <span class='ocrx_word' id='word_1_241' title='bbox 208 3949 371 4013; x_wconf 84' lang='grc'><strong>1058-63.</strong></span> <span class='ocrx_word' id='word_1_242' title='bbox 418 3945 518 4012; x_wconf 87' lang='lat' dir='ltr'>Valde</span> <span class='ocrx_word' id='word_1_243' title='bbox 548 3945 692 4029; x_wconf 89' lang='lat' dir='ltr'>displicet</span> <span class='ocrx_word' id='word_1_244' title='bbox 719 3968 736 4008; x_wconf 88' lang='lat' dir='ltr'>u</span> <span class='ocrx_word' id='word_1_245' title='bbox 750 3946 878 4009; x_wconf 74' lang='lat' dir='ltr'>caturci</span> <span class='ocrx_word' id='word_1_246' title='bbox 892 3942 1032 4029; x_wconf 74' lang='lat' dir='ltr'>factur&#39;’</span> <span class='ocrx_word' id='word_1_247' title='bbox 1056 3943 1140 4009; x_wconf 91' lang='lat' dir='ltr'>uude</span> <span class='ocrx_word' id='word_1_248' title='bbox 1164 3969 1225 4032; x_wconf 90' lang='lat' dir='ltr'>po-</span> 
     </span>
     <span class='ocr_line' id='line_1_33' title="bbox 112 4049 1225 4137; baseline 0.002 -20"><span class='ocrx_word' id='word_1_249' title='bbox 112 4053 227 4131; x_wconf 80' lang='lat' dir='ltr'>situm3</span> <span class='ocrx_word' id='word_1_250' title='bbox 258 4053 372 4117; x_wconf 85' lang='lat' dir='ltr'>etenim</span> <span class='ocrx_word' id='word_1_251' title='bbox 404 4053 429 4115; x_wconf 91' lang='lat' dir='ltr'>si</span> <span class='ocrx_word' id='word_1_252' title='bbox 451 4052 556 4116; x_wconf 85' lang='lat' dir='ltr'>dicere</span> <span class='ocrx_word' id='word_1_253' title='bbox 579 4053 724 4117; x_wconf 83' lang='lat' dir='ltr'>voluisset</span> <span class='ocrx_word' id='word_1_254' title='bbox 746 4061 859 4137; x_wconf 80' lang='lat' dir='ltr'>poeta,</span> <span class='ocrx_word' id='word_1_255' title='bbox 892 4049 1045 4115; x_wconf 91' lang='lat' dir='ltr'>muudum</span> <span class='ocrx_word' id='word_1_256' title='bbox 1074 4074 1136 4116; x_wconf 91' lang='lat' dir='ltr'>nou</span> <span class='ocrx_word' id='word_1_257' title='bbox 1158 4075 1225 4118; x_wconf 87' lang='lat' dir='ltr'>esse</span> 
     </span>
     <span class='ocr_line' id='line_1_34' title="bbox 110 4155 1220 4244; baseline -0.001 -20"><span class='ocrx_word' id='word_1_258' title='bbox 110 4161 229 4228; x_wconf 87' lang='lat' dir='ltr'>lactum</span> <span class='ocrx_word' id='word_1_259' title='bbox 262 4183 278 4224; x_wconf 85' lang='lat' dir='ltr'>a</span> <span class='ocrx_word' id='word_1_260' title='bbox 311 4158 386 4236; x_wconf 88' lang='lat' dir='ltr'>diis,</span> <span class='ocrx_word' id='word_1_261' title='bbox 413 4158 613 4224; x_wconf 91' lang='lat' dir='ltr'>scribendum</span> <span class='ocrx_word' id='word_1_262' title='bbox 635 4161 693 4243; x_wconf 91' lang='lat' dir='ltr'>ipsi</span> <span class='ocrx_word' id='word_1_263' title='bbox 713 4161 821 4224; x_wconf 88' lang='lat' dir='ltr'>fuisset</span> <span class='ocrx_word' id='word_1_264' title='bbox 842 4181 863 4222; x_wconf 85' lang='lat' dir='ltr'>u</span> <span class='ocrx_word' id='word_1_265' title='bbox 886 4155 1046 4234; x_wconf 83' lang='lat' dir='ltr'>Natura,</span> <span class='ocrx_word' id='word_1_266' title='bbox 1069 4169 1220 4244; x_wconf 84' lang='lat' dir='ltr'>tanquam</span> 
     </span>
     <span class='ocr_line' id='line_1_35' title="bbox 110 4265 1222 4352; baseline -0.001 -21"><span class='ocrx_word' id='word_1_267' title='bbox 110 4288 243 4352; x_wconf 88' lang='lat' dir='ltr'>persona</span> <span class='ocrx_word' id='word_1_268' title='bbox 282 4266 346 4352; x_wconf 76' lang='lat' dir='ltr'>Diis</span> <span class='ocrx_word' id='word_1_269' title='bbox 382 4267 535 4351; x_wconf 87' lang='lat' dir='ltr'>opposita.</span> <span class='ocrx_word' id='word_1_270' title='bbox 590 4265 773 4352; x_wconf 84' lang='lat' dir='ltr'>Legeuduur</span> <span class='ocrx_word' id='word_1_271' title='bbox 816 4286 948 4330; x_wconf 87' lang='lat' dir='ltr'>censeo:</span> <span class='ocrx_word' id='word_1_272' title='bbox 987 4265 1130 4327; x_wconf 83' lang='lat' dir='ltr'>»natural</span> <span class='ocrx_word' id='word_1_273' title='bbox 1155 4265 1222 4330; x_wconf 88' lang='lat' dir='ltr'>fuc-</span> 
     </span>
     <span class='ocr_line' id='line_1_36' title="bbox 110 4369 1221 4457; baseline 0 -20"><span class='ocrx_word' id='word_1_274' title='bbox 110 4385 180 4452; x_wconf 85' lang='lat' dir='ltr'>tus,</span> <span class='ocrx_word' id='word_1_275' title='bbox 212 4384 248 4437; x_wconf 86' lang='lat' dir='ltr'>ut</span> <span class='ocrx_word' id='word_1_276' title='bbox 287 4373 373 4457; x_wconf 80' lang='lat' dir='ltr'>ipsa3</span> <span class='ocrx_word' id='word_1_277' title='bbox 416 4372 437 4437; x_wconf 91' lang='lat' dir='ltr'>i.</span> <span class='ocrx_word' id='word_1_278' title='bbox 475 4394 502 4437; x_wconf 91' lang='lat' dir='ltr'>e.</span> <span class='ocrx_word' id='word_1_279' title='bbox 539 4374 621 4437; x_wconf 92' lang='lat' dir='ltr'>orbis</span> <span class='ocrx_word' id='word_1_280' title='bbox 663 4385 816 4436; x_wconf 83' lang='lat' dir='ltr'>terrarum</span> <span class='ocrx_word' id='word_1_281' title='bbox 854 4373 898 4434; x_wconf 82' lang='lat' dir='ltr'>ita</span> <span class='ocrx_word' id='word_1_282' title='bbox 942 4369 1055 4434; x_wconf 66' lang='lat' dir='ltr'>natural</span> <span class='ocrx_word' id='word_1_283' title='bbox 1089 4393 1143 4435; x_wconf 91' lang='lat' dir='ltr'>sua</span> <span class='ocrx_word' id='word_1_284' title='bbox 1174 4385 1221 4437; x_wconf 87' lang='lat' dir='ltr'>est</span> 
     </span>
    </p>
   </div>
   <div class='ocr_carea' id='block_1_5' title="bbox 110 4478 1220 4642">
    <p class='ocr_par' dir='ltr' id='par_1_7' title="bbox 110 4478 1220 4642">
     <span class='ocr_line' id='line_1_37' title="bbox 110 4478 1220 4565; baseline 0.002 -20"><span class='ocrx_word' id='word_1_285' title='bbox 110 4478 322 4565; x_wconf 88' lang='lat' dir='ltr'>compositus,</span> <span class='ocrx_word' id='word_1_286' title='bbox 347 4479 533 4565; x_wconf 88' lang='lat' dir='ltr'>dispositus,</span> <span class='ocrx_word' id='word_1_287' title='bbox 556 4492 591 4543; x_wconf 87' lang='lat' dir='ltr'>ut</span> <span class='ocrx_word' id='word_1_288' title='bbox 612 4480 677 4564; x_wconf 88' lang='lat' dir='ltr'>ipsa</span> <span class='ocrx_word' id='word_1_289' title='bbox 697 4480 814 4545; x_wconf 83' lang='lat' dir='ltr'>semina</span> <span class='ocrx_word' id='word_1_290' title='bbox 830 4487 941 4563; x_wconf 88' lang='lat' dir='ltr'>sponte</span> <span class='ocrx_word' id='word_1_291' title='bbox 959 4499 1014 4541; x_wconf 89' lang='lat' dir='ltr'>sua</span> <span class='ocrx_word' id='word_1_292' title='bbox 1036 4478 1220 4548; x_wconf 88' lang='lat' dir='ltr'>coaluerint.</span> 
     </span>
     <span class='ocr_line' id='line_1_38' title="bbox 1078 4583 1096 4642; baseline 0 0"><span class='ocrx_word' id='word_1_293' title='bbox 1078 4583 1096 4642; x_wconf 81' lang='lat'>4</span> 
     </span>
    </p>
   </div>
   <div class='ocr_carea' id='block_1_6' title="bbox 0 0 1442 5048">
    <p class='ocr_par' dir='ltr' id='par_1_8' title="bbox 0 0 1442 5048">
     <span class='ocr_line' id='line_1_39' title="bbox 0 0 1442 5048; baseline 0 0"><span class='ocrx_word' id='word_1_294' title='bbox 0 0 1442 5048; x_wconf 95' lang='lat' dir='ltr'> </span> 
     </span>
    </p>
   </div>
  </div>
 </body>
</html>
