2920 5044
670 357 716 422 di

125 551 234 616 'etiam
253 570 308 614 vsu
330 550 396 614 724
415 571 452 614 ex
472 549 629 616 Vossianis
656 553 736 637 quia
757 572 814 635 pro
848 552 936 639 quod
956 555 1191 640 reponendum,
1211 559 1244 622 in

139 655 366 721 recentioribus
392 653 579 741 apographis
612 667 766 724 mutatum
805 669 934 742 propter
960 665 1247 746 sequentemtsuh-

132 763 325 846 junctirum.
391 761 518 827 Arridet
556 784 648 826 tero:
693 786 732 826 ee
771 763 858 828 aliie
894 797 938 815 --
965 765 1108 849 feratur
1137 804 1180 816 -
1209 791 1249 832 ao

134 866 280 956 fruge-er
310 867 364 932 sed
390 889 457 934 non
486 879 532 932 est
567 869 795 934 restituendum
835 870 887 949 id,
923 872 1008 958 quod
1047 875 1169 958 placet,
1194 875 1247 940 sed

139 972 225 1059 quod
249 974 372 1059 scripsit
401 983 503 1059 poeta.

185 1082 216 1157 2,
231 1082 307 1146 719.
355 1082 384 1143 Y
401 1079 494 1144 habet
510 1079 690 1168 quaedam,
714 1083 738 1144 Z
758 1081 898 1168 quidam
908 1083 986 1148 Brit.
1013 1088 1032 1148 2
1054 1108 1149 1173 quem
1168 1085 1249 1150 dum

138 1185 306 1254 3eadem.
365 1186 557 1273 Quaedam,
588 1185 673 1272 quod
714 1187 865 1275 Forbiger
913 1188 1030 1266 edidit,
1080 1191 1155 1255 ferri
1181 1192 1248 1256 fere

137 1293 259 1378 nequit.
304 1292 530 1360 Asseveranter
561 1294 645 1357 enirn
671 1302 763 1378 poeta
795 1294 936 1379 loquitur
966 1308 998 1360 et
1025 1296 1100 1361 binc
1136 1297 1248 1361 eodem

137 1399 325 1485 requiritur,
356 1398 442 1485 quod
469 1411 500 1463 et
530 1411 620 1464 antea
658 1399 777 1464 editum
817 1413 883 1477 est;
915 1401 968 1465 sed
1011 1403 1115 1481 unde,
1147 1425 1246 1492 quum

139 1503 250 1567 eadem
279 1506 399 1569 nuttam
439 1505 656 1569 difficultatem
690 1503 840 1582 baberet,
873 1505 1036 1592 quaedam
1065 1508 1245 1592 irrepserit,

138 1609 245 1676 dicere
286 1632 350 1674 non
385 1623 431 1674 est
468 1613 500 1674 in
538 1623 686 1695 promtu,
727 1612 786 1674 nisi
820 1622 973 1675 statuatur
1001 1614 1154 1699 originem
1186 1613 1246 1678 ba·

137 1717 213 1780 bere
242 1738 278 1780 ex
310 1716 428 1803 dieque
445 1717 711 1780 eademzhieee
730 1715 850 1782 eadem.
898 1715 1026 1804 Hieque
1047 1730 1112 1782 erat
1145 1719 1245 1784 forma

139 1823 281 1906 legitima
309 1824 343 1887 in
371 1825 464 1886 sacris
489 1824 536 1886 uti
557 1822 696 1888 Orellius
718 1836 825 1900 monet
849 1822 887 1886 ad
910 1822 974 1890 Cic.
992 1825 1031 1890 dc
1052 1826 1125 1911 Leg.
1149 1828 1243 1902 3,ll,

140 1929 182 1992 28
202 1929 299 1993 citans
316 1929 531 2008 Brissonium3
561 1931 606 1993 sic
631 1930 665 1993 in
696 1929 796 1995 Orell.
817 1930 962 2014 Inscript.
986 1931 1052 1998 Lat.
1088 1940 1134 1997 n⁰.
1154 1935 1242 1997 2488

40 2084 44 2090 .
138 2055 155 2096 u
169 2033 329 2123 hoiuepue
350 2035 465 2100 aedie'’
485 2047 531 2101 n⁰.
553 2037 643 2100 2489
671 2035 864 2122 ›thuiueque
888 2036 985 2102 Ioei.’'

182 2138 267 2203 Haec
298 2141 394 2227 igitur
411 2143 523 2205 ,forma
552 2142 653 2226 prisca
672 2140 818 2205 Lucretio
841 2141 1032 2206 restituatur.
1071 2173 1075 2182 ·

184 2248 302 2322 2,758.
350 2245 549 2334 Antiquiores
570 2247 756 2337 interpretes
787 2247 880 2324 tacite
905 2257 942 2308 at
971 2247 1083 2310 variis
1112 2248 1245 2331 scripse·

138 2362 234 2428 runt,
265 2352 349 2438 quod
381 2353 531 2440 Forbiger
559 2375 598 2417 ex
636 2353 823 2418 auctoritate
853 2352 999 2417 codicum
1026 2352 1121 2417 tacite
1150 2355 1244 2418 etiarn

137 2458 171 2520 in
203 2470 235 2521 et
273 2461 422 2538 mutarit,
467 2460 519 2525 aed
563 2460 653 2524 nullo
696 2481 811 2536 sensu,
847 2479 945 2545 quum
989 2459 1153 2524 retinuerit
1183 2482 1242 2527 vss.

139 2564 295 2630 teo—ea
331 2568 406 2652 qui,
431 2579 470 2631 ut
497 2589 612 2632 nexum
644 2567 791 2630 orationis
829 2565 1066 2658 impedientes,¹
1085 2565 1157 2651 ejici
1188 2565 1244 2630 de·

138 2669 294 2750 buissent,
321 2684 508 2760 tanquama
542 2674 676 2738 librariis
697 2695 735 2736 ex
755 2672 832 2737 locis
849 2673 922 2736 libri
962 2673 1073 2757 primi,
1110 2695 1129 2737 a
1163 2670 1243 2737 For-

135 2775 245 2861 higero
265 2777 303 2844 ed
337 2776 367 2845 h.
401 2780 424 2846 l.
453 2780 569 2856 allatis,
601 2781 722 2845 inserti.
769 2778 828 2842 Sed
858 2799 957 2864 quum
988 2780 1022 2841 in
1050 2778 1137 2844 hisee
1176 2801 1240 2844 non

136 2881 245 2946 eadem
268 2885 396 2950 omnino
427 2886 627 2950 inveniantur
655 2897 686 2950 et
713 2885 827 2949 talibus
856 2883 992 2971 gaudeat
1025 2893 1118 2969 potita
1150 2906 1240 2970 repe·

137 2988 318 3068 titionibus,
359 3013 410 3055 eos
445 2995 580 3056 retinere
614 2993 707 3056 satius
746 3003 810 3068 est,
853 3003 891 3054 at
928 2991 1103 3058 emendato.
1160 2992 1241 3056 Cave

136 3115 231 3172 vero,
256 3117 317 3173 ne,
352 3099 398 3161 uti
439 3119 476 3161 ex
511 3097 735 3184 Forbigeriana
765 3091 1021 3181 interpunctione
1060 3096 1153 3160 facile
1181 3095 1238 3173 fit,

135 3223 181 3268 vs.
205 3205 271 3268 760
312 3203 450 3290 »magni
466 3199 951 3289 qnod'refert-accipiantque”
976 3223 1033 3286 pro
1063 3199 1240 3286 parenthesi

135 3303 270 3369 habeas:
295 3308 383 3394 quod
399 3309 483 3371 enim
505 3320 550 3373 est
577 3311 754 3395 paeoniam,
784 3311 865 3400 quia
895 3319 926 3371 et
953 3307 998 3371 sio
1025 3305 1129 3370 omnia
1155 3304 1240 3374 baud

135 3412 264 3476 omnino
292 3415 374 3478 male
397 3414 594 3499 procedunt:
617 3417 682 3478 etei
699 3415 893 3500 principiie
922 3413 1041 3478 nullus
1061 3415 1111 3476 eit
1125 3412 1236 3490 color,

139 3528 288 3582 attamen
323 3522 372 3584 iia
409 3533 490 3585 runt
519 3525 637 3584 uariae
665 3521 808 3606 formae,
867 3519 1052 3585 Praeterea
1080 3520 1242 3606 quereiam

135 3627 256 3710 magui
297 3624 406 3709 refert
422 3661 468 3675 —
490 3626 659 3711 perfacile
694 3629 806 3712 poesie
840 3627 1010 3689 rationem
1032 3623 1168 3687 reddere
1184 3656 1241 3688 ·-.

136 3727 197 3792 Sed
223 3751 287 3793 uon
321 3752 421 3816 nego,
452 3734 591 3798 versibus
625 3735 781 3799 teo-62
816 3731 922 3815 ejectis
958 3742 989 3793 et
1029 3741 1061 3792 et
1098 3741 1239 3807 servato,

133 3833 247 3897 melius
278 3855 403 3899 sensum
432 3857 464 3900 se
493 3836 629 3902 hahere:
661 3839 696 3900 ai
713 3836 834 3901 rullus
854 3847 903 3899 eet
931 3836 1120 3921 principiir
1150 3835 1242 3898 color

133 3951 166 4002 et
192 3963 232 4004 ee
262 3943 374 4005 uariis
387 3942 521 4027 formis
555 3945 716 4010 oriuntur
749 3944 920 4029 omne’geue‘
953 3942 1100 4020 colores,
1136 3940 1243 4025 focile

75 4111 82 4122 ⁴
133 4046 305 4108 rationem
332 4046 469 4112 reddere
490 4051 657 4132 poreie-.

179 4150 300 4229 utto.
347 4153 431 4234 Quid
459 4153 561 4219 dicam
585 4155 625 4220 de
650 4155 928 4239 interpunctione,
951 4179 994 4232 3,
1017 4176 1035 4217 a
1058 4152 1184 4215 Wakef.
1210 4163 1242 4214 et

133 4258 226 4324 Forb.
251 4258 449 4337 introducti,
477 4261 542 4347 qui
583 4263 683 4326 omnis
715 4261 844 4325 omnino
862 4281 970 4325 sensus
999 4257 1240 4321 intervertitur?

130 4364 177 4428 Ita
205 4364 288 4427 enim
321 4365 536 4453 significarent
566 4389 672 4432 versus
700 4367 874 4434 tea-70:
896 4365 1022 4450 nigrum
1045 4383 1112 4427 esse
1134 4383 1240 4440 mare,

128 4489 202 4534 cum
235 4471 383 4546 materia,
406 4472 427 4537 i.
458 4494 486 4538 e.
522 4493 622 4560 aqua,
656 4473 723 4557 ejus
752 4483 831 4538 esset
857 4469 1009 4556 permixta
1037 4480 1068 4532 et
1093 4467 1237 4544 turbata;
