2874 5048
599 351 691 458 ἱ55·

159 553 287 618 Sedita
313 551 405 616 etiam
433 569 604 634 proquam
639 543 863 609 restituendum
891 565 1004 608 censeo
1036 546 1067 608 in
1102 545 1225 611 tibrott
1263 519 1270 531 ’

114 682 158 726 vs.
188 663 249 737 11,
284 660 338 723 ubi
374 680 391 722 a
423 654 594 740 Forbigero
629 675 701 716 cum
738 651 871 738 vulgatis
903 649 1005 715 editur
1034 673 1098 737 par
1132 674 1225 740 quoe.

112 764 172 829 Scd
201 787 293 829 nemo
307 765 377 827 'non
404 761 487 826 videt
510 757 682 845 παρέλκειν
712 747 755 820 τά
779 771 809 820 ct
826 781 890 842 per
909 781 1012 846 quoe,
1029 761 1074 836 si,
1102 761 1146 823 uti
1172 781 1226 822 nc·

114 893 199 936 cosso
227 883 291 948 cst,
318 880 499 939 construas:
532 865 644 926 omnic
665 873 697 925 et
720 885 785 947 per
821 887 962 951 quoe-
985 889 1053 928 esee
1075 877 1226 951 parato,

112 977 214 1055 unde,
268 977 363 1041 et'ob
388 975 613 1052 aliascausas,
639 991 764 1033 vorsum
788 970 913 1036 huncce
944 971 1113 1035 delendum
1150 993 1225 1035 cen·

111 1097 157 1148 set
178 1084 345 1147 Lambinus
370 1102 509 1146 summus
531 1078 585 1140 itte
609 1087 639 1139 ct
663 1077 858 1140 acutissimus
889 1077 1067 1152 Ciceronis,
1105 1078 1227 1142 Horatii

113 1204 143 1255 et
168 1189 304 1254 Lucretii
329 1190 493 1270 interpres.
543 1182 612 1246 Por·
633 1205 734 1269 quom
754 1182 869 1247 habent
895 1185 1053 1260 Vossiani,
1080 1195 1110 1246 et
1143 1183 1226 1248 idem

114 1297 229 1361 diserte
259 1294 298 1359 de
327 1293 513 1358 Memmiano
545 1299 676 1352 testatur
706 1289 891 1367 Lambinus3
923 1291 1010 1356 Voss.
1041 1311 1148 1374 margo
1175 1289 1228 1354 ha-

113 1404 167 1468 bet
205 1423 394 1487 proquam,
426 1400 471 1462 uti
513 1409 543 1460 et
585 1395 673 1460 Cant.
722 1396 820 1459 Etiam
855 1394 929 1460 huic
964 1398 1034 1461 loco
1052 1418 1224 1483 proquam

118 1508 321 1584 restituatur,
366 1519 397 1570 et
437 1525 558 1568 comma
600 1497 657 1585 p'ro
699 1503 848 1566 semicolo
893 1514 1028 1586 ponatur
1073 1515 1140 1587 post
1176 1513 1229 1565 tu·

61 1665 93 1708 4
114 1627 210 1679 tom:
241 1614 283 1677 ita
317 1625 348 1676 et
379 1611 555 1695 aptissimirs
586 1618 632 1670 est
666 1629 772 1671 versus
803 1610 859 1684 ll,
896 1621 926 1672 ct
950 1611 1108 1694 ingratum
1137 1629 1227 1694 asyn-

116 1720 227 1786 deton:
265 1720 379 1790 omorio
404 1738 470 1780 carc
508 1726 656 1800 parata,
691 1713 831 1777 divitiis
868 1717 1007 1803 affluere
1052 1714 1225 1790 lrorm'ucs,⁸

116 1827 250 1892 tollitur.

159 1932 243 1995 Dicit
273 1937 383 2015 potita:
419 1929 522 1992 omnia
555 1925 742 1991 hominihus
773 1948 839 1990 esse
873 1938 978 2011 parata
1012 1939 1063 2003 et,
1099 1948 1157 2011 pro
1192 1949 1227 1990 ea

120 2039 241 2104 ratione
265 2060 326 2123 qua
351 2047 449 2100 tutam
477 2033 506 2122 (a
533 2033 642 2110 benis,
668 2032 838 2109 discordia,
864 2044 950 2096 metu
985 2043 1044 2097 etc.
1081 2033 1224 2116 liberam)

118 2146 213 2208 ritam
238 2144 297 2206 sibi
321 2162 503 2226 comperero
527 2139 665 2222 possint,
689 2138 811 2202 divitias
836 2138 996 2203 abundare
1030 2136 1227 2216 hominibus,

116 2253 138 2316 i.
152 2267 184 2316 e.
210 2247 351 2310 homines
377 2269 413 2310 eo
437 2245 564 2311 ditiores
588 2244 656 2307 soro
681 2255 710 2306 ct
738 2233 1000 2328 εὖτεκνοτὲρους,
1034 2264 1098 2328 quo
1129 2243 1229 2328 magis

117 2368 215 2422 tutam
249 2366 279 2418 ot
309 2373 469 2429 securam,
509 2353 549 2416 ab
572 2351 709 2435 Epicuro
728 2359 947 2434 praeceptam,
970 2348 1063 2411 vitam
1091 2349 1229 2413 stabilire

49 2545 52 2552 ¹
121 2461 248 2549 possint.

166 2569 197 2646 2,
212 2567 363 2632 1162-64
388 2565 444 2628 Vir
465 2563 576 2628 doctus
607 2562 738 2626 Siebelis
757 2563 789 2624 in
813 2560 852 2640 Q.
878 2560 911 2624 L.
936 2561 1027 2646 legit,
1050 2583 1080 2645 p,
1100 2564 1228 2626 ,tt-39:

234 2780 508 2865 Conterimucque
529 2777 621 2840 boues
642 2789 673 2840 et
696 2779 782 2840 uiros
801 2776 1039 2863 agricolarum

232 2884 449 2970 Conficimua3
464 2881 607 2968 forrum
627 2885 686 2946 oio
705 2884 802 2945 orcis
822 2881 1015 2966 suppeditat
1033 2883 1093 2944 oi:

233 2987 345 3077 Usque
361 2988 441 3052 odeo
452 3001 602 3074 parcunt
620 2987 714 3072 fatur
734 2999 924 3074 augentque
948 2987 1118 3050 laborem!

166 3196 370 3285 Suppeditot
390 3201 426 3271 oi
446 3210 477 3263 ct
499 3199 646 3263 lahorem
663 3221 699 3264 ex
724 3200 927 3283 conjectura,
965 3199 1053 3263 libris
1078 3199 1229 3284 praeban-

123 3306 205 3370 tibus
228 3306 439 3391 mppoditctr'
466 3317 496 3370 ct
528 3305 651 3372 laboro.
709 3307 932 3370 Recentissimo
965 3327 1037 3369 vcro
1075 3306 1124 3370 vir
1156 3307 1232 3372 clar.

121 3412 276 3498 Bergkius
307 3414 339 3475 in
363 3434 471 3497 progr.
496 3413 594 3477 Marb.
624 3416 816 3490 1846-47,
842 3412 948 3476 videns
983 3411 1062 3476 illud
1098 3413 1133 3476 oi
1166 3414 1232 3478 lan·
1275 3436 1278 3441 ·

39 3539 42 3544 ·
123 3522 245 3605 guare,
270 3528 379 3602 utpote
414 3538 681 3602 supervacaneum
716 3519 800 3594 sere,
831 3517 869 3582 ad
903 3539 1029 3582 sensum
1060 3541 1134 3581 sane
1168 3539 1237 3590 mes

126 3625 208 3701 lius,
233 3624 381 3688 sedeatis
413 3622 580 3701 audacter,
616 3625 782 3709 proponit:
815 3623 910 3704 ferri
940 3626 997 3686 oia
1027 3625 1121 3686 arvia
1152 3645 1235 3708 aup-

120 3730 258 3818 peditot
280 3732 344 3793 oie.
403 3728 465 3793 Sed
494 3730 528 3793 in
562 3730 726 3815 utriusque
760 3729 942 3812 conjectura
988 3730 1145 3813 ingratum
1188 3742 1234 3794 est

126 3837 159 3900 in
185 3835 287 3900 medio
312 3858 402 3898 versu
427 3847 496 3920 post
522 3835 715 3921 conficimus
742 3834 934 3922 asyndeton,
955 3836 1122 3922 ipsumque
1154 3836 1235 3900 illud

124 3941 314 4028 conficimus
335 3963 408 4005 cum
437 3943 526 4005 uires
544 3943 751 4025 conjunctum
773 3939 922 4016 offendit,
944 3963 1043 4027 quum
1060 3942 1102 4005 ita
1122 3943 1236 4008 rectius

89 4033 98 4040 ⁶
126 4048 306 4112 diceretur:
331 4049 579 4136 conficimusque
603 4049 696 4113 boves
721 4059 751 4112 et
777 4049 854 4112 vires
888 4049 1098 4134 agricolarum
1130 4061 1237 4116 conte·

127 4157 242 4233 rimus;
269 4156 414 4220 animalia
444 4157 527 4219 enim
559 4155 657 4241 magis
685 4156 764 4218 vires
789 4153 962 4220 conficiunt
991 4178 1086 4240 quam
1107 4157 1238 4240 agrico-

129 4264 197 4340 lae,
224 4261 283 4326 sibi
306 4283 381 4347 prae
405 4263 592 4327 animalibus
612 4274 787 4348 parcentes.

175 4369 208 4431 Si
235 4389 310 4455 ergo
331 4370 364 4432 in
388 4369 459 4434 loco
483 4368 545 4451 jam
570 4393 587 4434 a
611 4370 686 4435 viris
710 4368 810 4434 doctis
835 4380 865 4431 et
888 4365 994 4451 peritis
1020 4377 1136 4432 tentato
1161 4368 1239 4434 vires

122 4475 244 4560 juniori
279 4477 457 4560 periclitari,
480 4476 595 4554 liceat,
620 4477 732 4543 lubens
756 4475 906 4562 legerim:
