2920 5044
670 345 718 410 85

140 572 193 614 seu
217 541 565 633 potiusabetractom,
591 535 636 599 uti
663 533 847 620 requiritur3
881 546 911 598 et
942 534 1021 600 inest
1050 536 1084 599 in
1118 537 1251 609 viscere,

142 652 312 740 sanguine,
335 669 430 722 euro,
461 657 561 718 terra,
587 641 653 726 igni
672 640 756 704 notio
781 640 944 715 abstracti,
967 641 1051 704 notio
1076 640 1207 726 generis.

191 759 299 840 Quum
322 777 391 818 rero
410 753 503 816 semei
526 751 623 836 ignee
644 745 804 812 codicibus
822 747 1007 830 irrepsisset,
1034 770 1073 810 ec
1104 748 1255 810 tremori-

144 866 204 929 bus
224 863 314 928 metri
333 881 437 925 caussa
457 869 538 920 stare
558 877 620 918 non
637 851 754 938 potuit,
775 852 866 915 etsie
886 873 925 914 eo·
946 853 1038 916 etiarn
1048 853 1181 935 ejectum
1201 862 1256 916 est.

194 970 312 1046 l,843.
360 965 579 1046 Transponunt
596 960 634 1023 G.
654 959 694 1022 Y.
720 955 756 1022 Z.
781 955 871 1020 idem
898 968 1008 1042 parte.
1055 958 1124 1021 Non
1160 957 1254 1031 tanti,

147 1077 198 1147 sed
229 1075 351 1146 codices
381 1067 548 1156 sequendi,
577 1077 608 1128 et
637 1063 689 1128 tto
720 1064 922 1148 praesertim,
955 1087 992 1127 ue
1033 1063 1141 1139 idem,
1174 1061 1259 1148 quod

145 1184 206 1247 rim
235 1181 346 1254 habet,
376 1178 410 1240 in
439 1169 721 1237 metricatectioue
747 1179 844 1232 totum
886 1169 1023 1232 confluat
1060 1190 1133 1232 cum
1173 1179 1259 1232 ante·

148 1290 229 1352 riore
248 1298 278 1351 et
298 1282 438 1369 sequenti
467 1277 630 1342 vocabulo.

196 1396 313 1470 1,.853
359 1386 535 1454 (lectissime
555 1404 627 1448 cum
655 1381 720 1444 viro
746 1365 925 1444 doctissimo
950 1380 1097 1464 Preigero
1122 1381 1259 1444 scriben-

149 1501 223 1566 dum
247 1509 306 1563 est:
336 1495 545 1581 coarguisse
566 1489 736 1572 osro,qui
763 1497 844 1550 recte
871 1497 1017 1570 provocat
1043 1486 1080 1549 ad
1106 1508 1148 1554 vs.
1181 1489 1259 1551 860.

149 1606 208 1671 Sed
236 1627 281 1668 res
305 1600 470 1667 conficitur
492 1621 534 1662 vs.
557 1598 704 1660 835-41
731 1593 772 1656 ct'.
792 1603 898 1655 annot.
916 1592 953 1654 ad
978 1593 1055 1656 ott.

191 1713 261 1795 ¹Nec
286 1709 411 1773 difficile
439 1715 482 1768 est
503 1701 631 1766 reddere
656 1699 827 1772 rationem,
855 1719 912 1760 cur
936 1708 1041 1761 nostro
1073 1699 1142 1762 loco
1168 1697 1262 1760 tibra-

154 1821 216 1884 rius
244 1816 369 1882 cerain
399 1834 433 1876 οι
463 1807 647 1872 mutaverit:
673 1803 832 1868 attendens
867 1803 986 1866 scilicet
1030 1805 1153 1866 nonnisi
1183 1804 1261 1869 ,sin-

153 1925 272 2014 gularia
298 1923 331 1985 in
364 1917 422 1982 hoc
454 1938 541 1980 versu
572 1912 716 1977 inveniri.
767 1910 868 1985 Hine,
892 1933 980 1973 -oeaa
1012 1909 1176 1983 mutilato,
1208 1909 1268 1972 rte:

152 2033 315 2115 scriptores
353 2025 432 2088 saria
474 2019 690 2106 excogitarunt
731 2016 768 2079 ad
812 2017 998 2080 tabefactum
1033 2025 1169 2078 metrum
1198 2016 1263 2078 fut-

153 2137 310 2204 ciendum.

205 2239 414 2313 ceso-67.
462 2233 666 2298 Conferantur
688 2229 727 2291 de
748 2227 808 2290 hoc
831 2228 901 2289 loco
922 2237 1070 2310 corrupto
1089 2225 1211 2312 Madvig
1232 2228 1264 2289 in

158 2369 264 2436 opusc.
291 2356 364 2409 tom.
394 2348 432 2418 1,
467 2363 497 2424 p.
534 2337 609 2402 310·
629 2346 659 2399 et
700 2333 830 2397 Siebelis
864 2333 898 2394 in
933 2331 1013 2396 Diar.
1047 2330 1119 2396 Ant.
1156 2334 1263 2408 1844,

156 2457 228 2524 coll
255 2456 318 2518 795
338 2453 369 2513 dr
392 2451 445 2513 96.

202 2563 316 2629 Versus
336 2559 398 2651 861
425 2551 546 2638 spurius
569 2562 614 2614 est
643 2559 673 2612 et
703 2549 835 2611 insertus
856 2544 894 2608 ad
920 2544 1090 2628 supplenda
1107 2566 1159 2619 ea
1186 2565 1267 2630 quae

159 2672 192 2734 iu
221 2689 310 2732 sensu
335 2645 362 2727 et
392 2658 623 2726 constructione
652 2654 814 2718 verborum
847 2651 1070 2715 desiderantur.
1129 2651 1189 2714 Sed
1228 2634 1277 2715 ιιο

158 2786 275 2841 servato
295 2770 423 2858 quidem
448 2788 534 2829 versu
555 2763 612 2826 hcc
633 2759 794 2824 subdititio
810 2758 1038 2842 argumentatio
1056 2757 1136 2819 hene
1156 2778 1267 2841 proce·

160 2881 234 2946 dere
252 2879 379 2943 videtur.
424 2875 531 2937 Noster
555 2869 637 2931 enim
658 2867 744 2929 loeus
764 2874 869 2950 aperte
893 2861 1018 2945 respicit
1036 2861 1072 2924 ad
1093 2863 1268 2946 exemplum
1315 2895 1318 2900 ·

158 2987 423 3052 nutrimentorum
447 2974 673 3048 refellendum,
709 2991 773 3055 quo
808 2971 1002 3054 Anaxagoras
1035 2989 1106 3030 usus
1140 2980 1206 3046 est,
1235 2979 1271 3032 ut

161 3090 354 3160 ostenderet,
367 3107 431 3170 quo
452 3105 542 3146 sensu
568 3073 797 3166 ὁμοιομερείαν
820 3074 919 3158 accipi
957 3074 1057 3137 vellet.
1105 3073 1195 3136 Juvat
1215 3074 1269 3136 ad-

161 3197 296 3263 scribere
325 3199 483 3276 integrum
506 3192 612 3252 locum
647 3182 806 3249 Plutarchi
829 3180 867 3244 de
891 3179 999 3244 Pleuit.
1033 3169 1137 3242 Philas
1181 3181 1201 3244 Ι.
1231 3181 1270 3256 1,

141 3305 229 3387 'cap.
255 3303 292 3375 3,
316 3321 352 3362 ex
374 3297 464 3379 eujus
487 3316 559 3358 cum
583 3303 686 3355 nostro
711 3291 781 3352 icoo
809 3286 888 3350 mira
916 3285 1118 3348 similitudine
1143 3286 1273 3348 conclu·

163 3409 218 3473 das
254 3415 421 3487 utrumque
461 3423 497 3463 ex
534 3397 641 3462 eodem
685 3397 772 3459 fonte
811 3392 961 3455 hausisse:

209 3555 445 3652 Ἀναξαγόρας
466 3553 485 3628 ὁ
507 3561 732 3644 Κλαζομένιος
764 3547 873 3678 οἰργοῖς1
892 3548 957 3616 τῶν
977 3545 1081 3616 Erras
1110 3545 1170 3628 τὸς
1192 3541 1275 3618 εἶναι
1299 3625 1301 3634 ,
1382 3588 1386 3594 ·

168 3674 395 3768 ὁμοιομέρειας
437 3667 654 3763 αιτιφήνατο
687 3663 790 3736 ἐδόκει
836 3659 901 3754 γὰρ
940 3655 1028 3752 αὐτῷ
1062 3655 1278 3751 άπορατατον

165 3783 269 3873 εἶναι,
305 3788 373 3867 πῶς
413 3790 447 3854 ἐκ
481 3785 540 3854 τοῦ
568 3780 615 3872 μή
654 3780 749 3870 ὄντος
788 3770 927 3846 δύναται
962 3801 994 3843 τι
1035 3773 1277 3864 γένεοθαι,ἦ

167 3904 359 3999 φθείρεσθαι
406 3899 450 3980 εἰς
497 3895 552 3966 τὸ
572 3893 618 3984 μή
656 3892 713 3964 iio
747 3885 877 3983 τροφήν
909 3888 1012 3975 γοῦν
1026 3883 1279 4018 προςφορὸμεθα

168 4013 291 4098 ἁπλην,
316 4021 371 4082 καὶ
394 4011 568 4102 μονοειδῆ·
592 4003 664 4079 οἷον
683 4005 742 4077 τὸν
762 3999 977 4132 Λημίτρειον
990 3996 1111 4092 ἄρτον,
1132 3998 1170 4070 τὸ
1192 3995 1279 4094 ὕδωρ
1327 4019 1329 4022 ’

168 4144 334 4210 ιτινοντες
355 4155 413 4196 και
432 4131 465 4194 ἐκ
486 4120 606 4206 ταύτης
631 4124 689 4205 τῆς
713 4119 841 4214 τροφῆς
864 4121 1020 4210 τρέφεται
1044 4115 1134 4206 θρὶξ,
1167 4121 1280 4208 φλὲψ,

169 4239 334 4380 ἀρτηρία,
379 4239 496 4332 νεῦρα,
528 4234 631 4320 iord,
669 4242 725 4303 καὶ
769 4229 812 4301 τὰ
848 4226 950 4300 λοιπὰ
999 4222 1111 4318 μόρια.
1158 4224 1283 4299 τούτων

171 4382 229 4426 ουν
264 4359 465 4444 γινομένων,
515 4345 736 4439 ὁμολογητέον
780 4349 884 4427 ἐστὶν,
931 4333 983 4409 ὅτι
1018 4342 1053 4408 ἐν
1084 4337 1123 4435 τῇ
1172 4343 1281 4438 τροφῇ

169 4468 209 4565 τῇ
247 4471 495 4562 ιιροςιγερομένη
548 4460 659 4534 πάντα
712 4465 779 4530 ἐστὶ
825 4455 868 4527 τὰ
917 4449 1017 4537 ὄντα,
1059 4457 1115 4520 καὶ
1147 4455 1182 4522 ἐκ
1218 4455 1283 4528 τῶν
