2920 5044
682 365 725 429 21

145 563 207 628 Sed
235 561 386 628 verissima
410 571 455 624 est
487 558 580 623 lectio
612 557 737 624 alterius
764 557 904 637 Vossiani
933 559 1048 626 codicis
1065 562 1117 638 Y,
1146 564 1259 652 ignom

145 667 306 744 habentis,
333 678 363 730 et
394 657 510 750 optime
542 663 686 728 Lucretio
715 654 869 748 Epicureo
889 667 1090 733 ,conveniens

196 774 309 860 Quem
341 783 441 860 neget
460 794 528 833 ecre
552 771 671 858 ignis,
695 771 812 856 igneae
835 781 947 833 tomen
970 794 1037 834 esse
1054 775 1262 861 relinquat?

146 881 194 946 Ad
216 882 327 968 ignis,
358 879 553 965 genitivum,
574 875 782 960 supplendum
799 887 962 940 naturam
982 900 1018 942 ex
1039 881 1134 964 priori
1164 901 1261 947 versu.

191 986 324 1049 Sensus:
344 983 451 1047 eodem
465 981 557 1064 jure,
577 1003 641 1065 quo
660 981 834 1045 Heraclitus
853 983 1008 1060 omnium,
1029 986 1124 1060 aeris,
1144 1005 1260 1069 aquae,

146 1103 245 1156 terrae
277 1101 338 1156 etc.
374 1098 516 1152 naturam
547 1087 646 1160 tollit,
684 1089 844 1171 solamque
878 1089 959 1174 iguis
991 1103 1130 1164 naturam
1165 1092 1261 1154 relin-
1308 1157 1309 1161 ,

90 1211 94 1223 ’
146 1198 235 1283 quit,
264 1196 403 1280 quamvis
435 1205 582 1279 agnoscat
612 1214 676 1256 esse
710 1200 832 1269 adrem,
869 1204 980 1257 terram
1013 1208 1073 1260 etc.
1106 1219 1141 1260 ex
1176 1219 1262 1260 com·

145 1299 370 1364 mutationibus
399 1291 592 1388 (ἀραίωσις,
613 1290 790 1386 πύκνωσις)
821 1299 901 1384 iguis
925 1303 1104 1387 progenita;
1141 1304 1262 1368 inversa

150 1408 268 1472 ratione
293 1397 404 1470 tollere
437 1407 529 1492 possit
562 1417 704 1470 naturam
732 1405 830 1492 ignis,
867 1404 924 1492 (uti
962 1408 1089 1473 sustulit
1119 1422 1261 1474 naturam

146 1514 242 1590 airis,
264 1535 359 1600 quem
386 1514 462 1578 dicit
491 1522 633 1578 constare
660 1509 738 1598 igni)
768 1523 798 1575 et
827 1524 929 1576 tamen
953 1513 1058 1598 ignem
1084 1517 1261 1600 relinquere

138 1620 177 1700 ¹in
207 1641 311 1682 rerum
342 1629 449 1682 natura
480 1618 600 1706 (eadem
627 1617 744 1682 ratione
771 1637 832 1701 qua
855 1616 982 1701 reliquit
1003 1611 1134 1696 terram,
1156 1629 1261 1685 aerem

148 1737 223 1800 etc,
251 1726 387 1808 ipsorum
409 1737 550 1788 naturam
577 1719 712 1808 tollens).
746 1723 781 1785 ln
803 1722 829 1784 G
849 1723 873 1783 Z
896 1724 1010 1809 ignem
1029 1735 1156 1809 propter
1173 1747 1261 1810 prae·

108 1821 110 1826 ⁵
148 1829 260 1896 cedens
294 1831 391 1916 ignia
427 1852 490 1894 esse
524 1830 793 1914 praetermissum,
830 1829 863 1891 in
900 1841 1023 1912 promtu
1057 1842 1111 1894 est.
1165 1833 1263 1896 Recte

147 1933 204 2021 pro
232 1959 285 2000 sua
316 1931 376 2001 τοῦ
407 1929 576 1999 exossaret]
608 1933 815 2018 intelligentia
860 1933 1061 1998 ratiocinatur
1102 1936 1263 2000 Lueretius
1326 1933 1327 1937 ’

150 2042 202 2106 sed
233 2043 267 2104 in
297 2041 389 2105 altam
425 2039 574 2103 Heracliti
610 2059 672 2102 nou
703 2039 873 2123 penetravit
899 2052 1046 2106 mentem.
1090 2042 1263 2126 Heraclitus

150 2147 253 2222 enim,
283 2169 345 2210 non
375 2145 534 2209 materiam
564 2145 734 2220 risibilem,
763 2165 858 2228 quam
881 2166 1026 2210 vocamus
1047 2145 1179 2235 ignem,
1203 2158 1262 2212 sta·

149 2264 250 2317 tuerat
269 2274 333 2317 esse
350 2252 490 2315 omnium
512 2237 723 2336 principium,
744 2249 796 2312 sed
823 2250 915 2313 vitale
935 2250 1014 2314 illrid
1037 2274 1150 2338 agens,
1174 2255 1263 2338 eujus

153 2358 242 2421 variis
270 2356 591 2422 transformationibus
618 2356 700 2419 varia
724 2367 852 2418 naturae
881 2357 998 2440 species
1023 2359 1148 2434 oriatur.
1197 2359 1263 2423 Hae

150 2475 254 2529 autem
279 2463 357 2527 vires
381 2484 479 2548 quum
503 2463 535 2525 in
560 2453 685 2526 aeterna
712 2483 816 2525 rerum
839 2472 948 2526 natura
970 2463 1104 2529 maxime
1126 2466 1263 2530 sensibus

156 2569 339 2656 patefierent
369 2571 400 2633 in
426 2569 509 2655 igni,
538 2568 628 2650 cujus
656 2580 765 2634 natura
795 2569 902 2654 purior
932 2580 962 2632 et
996 2571 1098 2636 acrior
1125 2572 1263 2656 proxime
1302 2613 1306 2620 .

150 2675 189 2739 ad
214 2675 281 2739 illas
307 2674 490 2751 accederet,
524 2675 582 2760 (uti
614 2677 733 2738 summa
761 2674 886 2738 illarum
917 2676 1121 2740 manifestatio
1159 2689 1204 2740 est
1229 2677 1262 2741 in

150 2779 190 2875 τῇ
208 2778 312 2874 ψυχῇ,
330 2781 450 2855 animo,
471 2792 500 2843 et
516 2781 696 2856 intellectu,
715 2776 816 2870 κοινῷ
836 2770 937 2869 λόγῳ)
954 2780 1144 2866 principium
1161 2782 1261 2858 illud,
1321 2782 1326 2786 ’

150 2887 383 2952 accommodate
428 2886 554 2971 linguae
598 2886 737 2970 vulgari,
779 2887 884 2972 ignem
927 2887 1102 2970 appellarit.
1154 2887 1262 2968 Quum

151 3016 221 3058 vero
251 3015 337 3056 suam
365 2991 589 3076 philosophiam
618 2992 650 3054 in
684 2993 775 3056 Musis
806 2993 886 3067 suis,
922 2994 1109 3056 ornamentis
1136 2995 1263 3077 poeticis

150 3100 342 3174 involutam,
385 3097 531 3182 picturis,
571 3097 778 3183 imaginibus,
815 3097 1095 3181 comparationibus
1130 3109 1263 3176 tectum,

152 3205 358 3290 deposuisset;
391 3224 454 3266 uon
487 3202 665 3267 intellectus
694 3217 738 3268 est
762 3223 866 3288 neque
896 3225 913 3266 a
942 3203 1087 3266 Lucretio
1119 3224 1222 3288 neque
1247 3225 1264 3268 a

151 3311 293 3396 plu-rimis
307 3310 401 3384 aliis,
428 3309 481 3392 qui
504 3309 638 3372 externis
658 3311 796 3374 sensibus
825 3309 926 3393 eapti,
954 3307 1000 3370 uti
1023 3309 1188 3394 Epicurei,
1212 3321 1266 3374 aut

151 3414 272 3503 poetica
294 3415 483 3500 expositione
506 3415 648 3490 confusi,
675 3416 721 3479 uti
752 3416 859 3490 Plato,
885 3436 1028 3489 sensum,
1055 3415 1114 3478 sub
1132 3415 1265 3501 figurate

151 3521 243 3588 dictis
261 3522 442 3586 Heracliteis
463 3521 651 3597 latitantem,
676 3537 786 3584 eruere
815 3542 877 3583 non
912 3520 1076 3583 valuerunt
1099 3533 1129 3586 et
1156 3543 1264 3585 verum

152 3629 174 3692 i.
202 3650 229 3693 e.
250 3628 389 3691 sensibus
409 3627 626 3714 manifestum,
655 3628 759 3712 ignem
786 3626 943 3690 Heraclito
975 3627 1014 3688 ob
1031 3626 1148 3688 ‘oeulos
1172 3627 1267 3710 luisse

115 3718 117 3724 '
152 3743 310 3818 putarunt.
358 3733 418 3797 Sed
446 3733 522 3797 haec
552 3755 613 3796 non
640 3743 781 3818 poterant
811 3732 980 3795 conciliare
1000 3751 1072 3794 eum
1094 3733 1267 3796 enunciatis

153 3839 302 3908 Heracliti
328 3840 367 3903 de
400 3841 566 3925 fallacitate
596 3861 763 3914 sensuum,
797 3837 894 3900 animi
929 3836 957 3899 ri
998 3848 1029 3901 et
1064 3837 1263 3915 efficacitate,

152 3945 273 4010 ceteris.
321 3946 402 4008 Hinc
424 3946 502 4020 ,illae
531 3945 678 4008 lacrimae
711 3955 797 4008 ortae
828 3955 900 4007 sunt
928 3943 967 4007 de
996 3944 1184 4007 obscuritate
1211 3967 1266 4008 ae·

154 4050 321 4135 nigmatioa
351 4050 519 4127 Heracliti,
546 4045 608 4115 ¹cui
648 4062 749 4114 nostra
789 4049 915 4114 demum
955 4059 1091 4134 tempora
1126 4049 1266 4114 debitum

153 4153 248 4218 tantis
277 4155 393 4218 meritis
422 4154 571 4218 honorem
603 4155 764 4218 restituere
794 4155 972 4219 valuerunt.

108 4259 110 4263 ’
204 4265 240 4337 1,
265 4264 341 4327 756.
389 4262 498 4325 Merito
522 4261 661 4347 Madvig,
691 4283 721 4345 p.
747 4263 810 4326 307
830 4261 864 4323 in
891 4270 980 4334 nota,
1001 4258 1130 4344 castigat
1148 4259 1268 4324 Walte-

154 4364 317 4443 ficldium,
350 4367 456 4451 inepte
485 4368 634 4432 754⁴-59
668 4366 891 4452 explicantem,
917 4374 947 4427 et
969 4363 1053 4427 clare
1080 4361 1269 4428 demonstrat
1322 4385 1326 4392 ·

154 4472 322 4557 legendum
351 4493 415 4536 esse
441 4484 481 4536 ut
508 4473 587 4557 qui,
613 4484 648 4538 ut
666 4471 741 4536 ordo
763 4473 820 4536 sit:
853 4470 916 4532 leuc
938 4469 1065 4534 accedit
1086 4471 1186 4544 item,
1206 4482 1266 4549 αις
1358 4491 1359 4496 ’
