2920 5044
659 275 757 366 ιι

126 506 158 568 in
186 501 283 566 hacce
320 499 510 585 prolusione,
549 517 644 582 quam
681 495 914 564 introductionis
950 501 1012 565 vice
1047 507 1239 588 praemittere

127 610 236 685 libuit,
258 609 314 672 sim
338 617 482 671 moratus.

101 793 103 797 ,
173 716 365 800 Praecipua,
404 734 484 799 quae
518 712 550 774 in
582 709 757 774 defensione
791 710 984 776 adhibiturus
1018 736 1107 792 sum,
1147 718 1243 780 latent

124 823 191 907 jam
224 823 256 884 in
286 823 321 883 iis
345 841 426 907 quae
455 817 538 882 dicta
570 827 663 892 sunt,
700 837 871 902 eorumque
899 820 1065 903 applicatio
1087 824 1243 908 practica,
1311 857 1315 864 ·

129 930 225 1014 magis
247 928 383 990 minusve
402 925 584 1011 probabilis,
604 922 717 1009 pendet
739 945 755 985 a
777 926 901 987 notione
922 924 1054 990 doctoris
1067 928 1243 1012 juvenum,

130 1054 248 1118 quam,
273 1033 324 1094 alii
348 1031 456 1106 aliter,
481 1029 537 1092 sibi
561 1029 664 1091 animo
686 1029 851 1092 informare
877 1032 999 1114 possint.

73 1214 80 1226 .
174 1139 220 1208 Ne
240 1150 364 1213 tamen,
384 1137 546 1221 supercilia
569 1136 646 1198 sorte
669 1145 900 1212 contracturos,
923 1138 1126 1202 ¹scientiarum
1155 1151 1246 1204 natu·

130 1247 239 1310 ralium
259 1245 397 1308 doctores
417 1241 593 1317 offendam,
617 1239 806 1303 monendum
838 1241 915 1305 mihi
940 1254 1004 1321 est,
1027 1246 1120 1308 talem
1143 1248 1175 1309 in
1199 1248 1246 1311 in·

131 1354 287 1417 stitutione
317 1373 368 1413 me
400 1351 475 1413 velle
506 1349 765 1423 Lucretium,
800 1350 878 1434 qui,
912 1349 1190 1416 introductionibus
1214 1355 1246 1416 in

131 1460 265 1544 singulos
284 1458 375 1520 libros
398 1455 651 1541 generalioribus,
677 1456 774 1539 patrio
796 1477 933 1519 sermone
956 1459 1136 1544 conscriptis
1159 1481 1247 1544 prae-

78 1575 89 1593 ·
133 1566 286 1639 munitus,
309 1564 528 1638 annotatione,
559 1551 616 1624 res*
637 1561 772 1646 singulas
803 1572 972 1638 tractante,
1004 1565 1190 1650 castigatus,
1215 1567 1247 1629 in

132 1670 280 1754 juvenum
312 1689 421 1731 manus
455 1666 613 1739 tradatur,
645 1665 691 1727 uti
720 1665 786 1747 jam
822 1667 912 1729 rerba
948 1666 1122 1731 Goethii
1157 1671 1247 1734 allata

134 1775 308 1874 osterpdunt.
343 1774 407 1839 Nec
427 1784 530 1836 tamen
552 1782 743 1857 separatam,
770 1769 933 1834 hodiernae
955 1771 1151 1859 physicorum
1172 1797 1247 1839 cou-

134 1882 242 1946 ditioni
264 1882 482 1944 convenienter
506 1889 685 1952 tractatam,
715 1877 876 1941 excludere
901 1880 990 1941 velim
1012 1882 1181 1945 scientiam.
1205 1885 1247 1946 cl'.

133 2012 167 2074 p.
190 1991 210 2052 9
236 1987 345 2053 medie.

179 2095 267 2175 Quae
286 2113 355 2155 vero
369 2102 476 2154 contra
493 2089 591 2153 afferri
611 2091 739 2175 possint,
757 2090 888 2153 maxime
903 2101 1041 2174 spectant
1060 2093 1096 2156 ad
1111 2093 1248 2158 Lucre·

135 2202 184 2264 tii
206 2198 420 2262 difficultatem
443 2196 623 2259 Platone
645 2218 672 2259 r.
696 2218 724 2260 c.
745 2217 807 2258 non
830 2195 977 2285 majorem
998 2195 1044 2284 (1)
1059 2227 1073 2274 ,-
1090 2197 1247 2264 doctrinae

138 2307 381 2393 perversitatem,
406 2305 584 2366 Horatio
609 2325 635 2365 ι.
659 2323 687 2365 c.
709 2324 772 2365 non
795 2301 932 2386 pejorem
951 2302 1022 2392 (2),
1044 2305 1246 2370 lasciviorem·

136 2435 198 2499 que
220 2411 374 2477 interdum
403 2411 550 2496 poematis
579 2410 754 2484 materiam,
783 2407 950 2491 juvenibus
980 2414 1096 2474 mostra'
1125 2425 1246 2498 tempo·

134 2522 188 2599 ris,
207 2521 277 2584 satis
295 2519 413 2604 amplae
429 2519 461 2582 in
476 2518 566 2582 rebus
581 2517 779 2604 cognitionis,
794 2538 856 2580 non
874 2516 949 2581 adeo
966 2519 1165 2604 periculosam
1178 2518 1245 2610 (3),

171 2811 213 2876 (l)
248 2811 310 2860 Jam
330 2808 595 2870 Quinctilianus:
613 2808 869 2872 „Lucretius-
887 2809 1022 2861 difficilis.”

172 2893 215 2957 (2)
249 2896 351 2944 Ironice
368 2900 446 2957 poeta
462 2893 694 2956 praestantissimus
710 2890 837 2954 Anglicus
853 2892 993 2956 Byron
986 2908 1014 2942 m
1028 2894 1147 2957 po'emnte
1162 2891 1250 2956 epiao,

137 2976 232 3042 injuria
251 2977 354 3038 infami,
371 2977 565 3037 DonJuan,
582 2975 699 3037 cantol,
717 2981 748 3024 et.
767 2979 813 3024 43.

307 3073 460 3141 „Zaareta‘as
478 3074 633 3140 irreliqron'
622 3091 644 3123 ts
662 3082 700 3122 too
718 3083 803 3138 strony

174 3220 176 3224 ι
329 3158 382 3210 For
399 3158 467 3224 early
484 3158 605 3208 stomacho
623 3167 646 3208 ro
660 3174 738 3222 prore
754 3157 894 3208 wholesome
908 3156 993 3218 food.’'
1013 3185 1046 3194 —

174 3258 216 3322 (3)
250 3260 365 3310 Maxime
382 3261 410 3310 in
426 3261 476 3310 fine
495 3259 552 3308 libri
568 3260 665 3323 quarti,
684 3260 744 3310 inde
761 3260 789 3310 in
807 3259 961 3310 editionibus
980 3259 1006 3308 iu
1021 3272 1095 3308 usum
1111 3258 1251 3323 Delphini,

139 3344 328 3392 commentariis
340 3358 390 3391 non
403 3344 539 3403 instrucr03
557 3343 588 3391 de
603 3342 653 3390 alio
671 3343 734 3391 istoc
752 3357 832 3406 genus
851 3343 991 3392 editionum
1006 3357 1088 3401 more,
1100 3341 1191 3406 jocose
1207 3342 1252 3389 sed

140 3439 213 3486 rere,
231 3426 299 3476 idem
316 3427 340 3474 B
347 3442 431 3491 yron
447 3425 543 3476 ibidem
561 3433 592 3474 st.
612 3429 660 3486 44,
679 3429 725 3474 45:

207 3523 299 3589 „Jaaa
315 3541 367 3573 was
384 3525 468 3590 taaplrt
476 3523 547 3586 from
564 3532 605 3573 ortt
620 3523 658 3572 tlte
675 3525 727 3573 hest
743 3523 832 3573 edition

209 3605 371 3672 Eapurpated
386 3610 417 3674 tp
435 3607 535 3657 leamed
551 3623 618 3668 men,
636 3606 688 3656 roho
701 3607 777 3671 place

208 3677 376 3758 Jadicr'oasly,
387 3690 458 3754 from
476 3700 517 3741 out
534 3691 571 3740 tlte
588 3689 730 3755 schoolbops
748 3690 841 3748 ababa,

214 3774 265 3823 Tre
280 3791 381 3840 prosser
393 3784 483 3839 parts:
502 3777 542 3824 bat
551 3774 654 3838 searfal
670 3783 692 3824 to
711 3772 798 3834 defore

214 3857 266 3907 Toa
283 3857 350 3908 ruach
368 3859 428 3908 their
444 3860 536 3909 modest
552 3857 615 3907 bord
631 3859 660 3922 ty
678 3857 724 3906 rtis
742 3856 868 3917 omission,

210 3939 271 3989 And
282 3942 377 4006 pityr'np
393 3959 447 3992 sore
464 3942 502 3992 tis
520 3939 644 3992 matr'lated
660 3957 733 4002 case,

213 4022 281 4089 They
299 4024 355 4090 only
372 4025 425 4076 add
441 4026 501 4076 them
519 4025 555 4075 att
571 4026 597 4078 in
614 4041 647 4076 aa
666 4024 806 4090 appendia,

218 4105 286 4157 Wicd
303 4125 386 4171 savae,
405 4111 431 4160 in
442 4111 513 4172 fact,
532 4109 569 4159 tlte
586 4109 677 4158 trouble
694 4109 726 4172 os
738 4125 771 4158 aa
788 4107 875 4168 indam·
899 4107 935 4169 (to
953 4107 990 4158 tlte
1007 4107 1147 4174 saboolhopr
1162 4107 1256 4172 narrrpa)

213 4189 266 4240 For
283 4190 347 4240 there
364 4209 399 4242 roe
415 4193 477 4243 dave
494 4193 555 4242 tham
573 4193 610 4243 att
625 4201 678 4258 „at
695 4209 738 4241 ona
748 4191 801 4254 sall
816 4193 928 4256 eracap‚’‘
1179 4204 1181 4208 ·

211 4271 314 4323 Instead
330 4274 362 4337 os
373 4277 441 4341 her'ap
459 4277 574 4326 saatter'd
592 4275 693 4341 throaplt
711 4274 748 4323 tlte
762 4271 851 4339 papea·
888 4329 890 4334 ,

216 4357 283 4424 They
300 4358 373 4408 stand
381 4359 453 4423 sarth
472 4359 607 4410 marshal’d
622 4360 647 4410 r'n
665 4377 682 4408 a
699 4359 832 4408 handsoma
854 4367 935 4422 troop,

213 4437 248 4490 To
266 4452 324 4494 meet
341 4443 377 4496 tlte
394 4445 524 4509 inpenaous
540 4445 611 4510 poert
629 4444 752 4508 essartare
770 4444 852 4508 apes?
870 4451 892 4492 et
909 4458 971 4505 quae
988 4457 1054 4505 seqq.
