2920 5044
698 304 721 366 ὅ
772 398 774 402 .

199 507 303 582 llaec,
327 504 514 568 subobscure
537 503 615 564 forte
632 511 833 576 enumerata,
860 500 961 587 digito·
985 505 1082 590 magis
1102 513 1268 568 monstrate

153 633 247 698 quarn
269 612 424 698 exposita,
457 609 481 670 si
510 629 578 670 vera
599 617 690 680 sunt,
722 617 825 690 patet,
850 606 959 672 additis
975 609 1028 686 iis,
1051 631 1132 696 quae
1150 621 1268 674 nostrae

152 719 266 802 patriae
298 717 419 802 propria
449 724 541 788 sunt,
567 713 723 775 literarum
758 713 956 798 antiquarum
985 736 1040 799 per
1069 726 1132 779 tota
1163 717 1267 779 secula

151 824 293 908 refugio,
313 820 398 894 sedi,
422 819 508 882 alteri
530 818 663 902 patriae,
687 818 797 903 quanti
819 820 968 882 momenti
990 821 1046 898 sit,
1069 832 1103 883 ut
1121 820 1267 904 juventus

153 931 292 1015 penitus,
319 926 371 991 sed
393 925 479 988 tardo
503 943 684 1008 progressu,
716 943 788 1007 prae
810 923 951 988 omnibus
973 925 1058 1002 aliis,
1092 925 1268 1011 linguarum

152 1045 290 1099 veterum
326 1031 502 1117 cognitione
532 1027 711 1103 imbuatur,
751 1027 812 1104 ut‚'
841 1027 899 1092 bac
930 1030 1115 1106 instructus,
1151 1033 1268 1095 fortiter

151 1140 276 1204 tendere
294 1138 385 1224 possit
408 1135 447 1199 ad
470 1136 609 1210 altiores,
638 1133 791 1199 historicas
822 1146 875 1230 eut
899 1132 1144 1220 philosophicas,
1170 1137 1264 1202 disci-

155 1247 252 1331 plinas
280 1243 292 1332 (
314 1243 339 1331 ).

196 1353 233 1415 ln
273 1349 419 1430 docendis
467 1359 571 1411 autern
616 1348 731 1412 Graeca
775 1349 944 1434 Latineque
979 1350 1091 1436 linguis
1128 1352 1266 1436 quamtis

152 1459 280 1522 firmiter
304 1454 534 1542 persistendum
569 1465 632 1530 est,
669 1466 763 1541 atque
805 1477 911 1519 earum
954 1458 1170 1541 grammaticae
1205 1458 1267 1520 for·

152 1586 220 1628 mae
252 1564 292 1627 ab
323 1565 384 1626 oris
419 1582 518 1646 usque
548 1560 586 1623 ad
614 1561 694 1625 mala
726 1572 869 1624 accurate
898 1572 973 1625 sunt
1001 1563 1199 1641 tractandae,
1229 1585 1265 1626 ex

145 1653 268 1757 'scriptis
301 1663 405 1733 tamen
437 1678 574 1731 veterum
606 1665 795 1732 Graecorum
829 1678 859 1730 et
896 1668 1127 1745 Romanorum,
1169 1691 1267 1755 quum

152 1798 277 1841 omnem
307 1777 370 1839 fere
402 1773 557 1836 humanae
579 1774 760 1858 cognitionis
779 1773 932 1836 ambitum
955 1775 1203 1858 amplectantur,
1231 1797 1267 1840 ea

151 1883 190 1948 ad
215 1880 446 1967 diligentemiu
468 1877 578 1943 scholis
597 1879 816 1943 lectionibusve
837 1880 1103 1964 pertractationem
1120 1893 1191 1944 sunt
1213 1881 1267 1945 de·

152 1977 297 2074 liganda,
333 2008 434 2072 quae,
461 1996 523 2048 aut
544 1986 682 2050 universo
705 1984 836 2049 bominis
863 1985 992 2050 liberalis
1015 1987 1114 2049 cultui
1133 1988 1265 2049 inarime

151 2094 355 2180 prospiciant,
391 2093 456 2167 uti,
491 2090 531 2154 ob
563 2090 823 2174 pulcritudinem,
854 2089 1063 2166 venustatem,
1087 2091 1264 2176 simplicita-

150 2211 237 2278 tem,
258 2197 557 2282 magnanimitatem,
578 2196 750 2270 Homerus,
771 2196 910 2281 Tragici,
934 2195 1099 2276 Pindarus;
1123 2198 1163 2260 ob
1179 2199 1264 2261 fruc·

151 2319 201 2370 tus
231 2304 387 2368 doctrinae
422 2301 590 2366 uberrimos
623 2300 695 2365 inde
729 2300 934 2380 hauriendos,
969 2302 1129 2379 Historici,
1160 2303 1264 2389 pbilo-

144 2412 259 2498 ·sophi;
284 2421 346 2474 aut
372 2430 452 2495 quae
471 2418 642 2472 nostrorum
663 2419 837 2493 temporum
859 2410 1137 2493 opportunitatibus
1161 2433 1266 2476 neces-

151 2518 399 2602 situdinibusque
423 2513 607 2599 explicandis
630 2514 904 2600 promovendisque
928 2516 1058 2579 maxime
1086 2517 1264 2597 inserviant;

155 2637 218 2690 aut
240 2624 394 2711 denique,
425 2644 505 2708 quae
531 2622 723 2708 singulorum
740 2622 915 2706 juvenum,
939 2623 995 2709 qui
1015 2622 1185 2701 docentur,
1211 2625 1264 2689 in·
1312 2703 1320 2716 ι

154 2734 266 2819 geniis,
285 2731 414 2794 aliorum
438 2730 524 2806 aliis,
558 2730 604 2792 rel
633 2726 756 2804 officiis,
784 2729 897 2815 quibus
919 2730 1050 2815 singuli,
1068 2730 1135 2813 jam
1156 2733 1188 2796 in
1211 2733 1265 2795 fu-

152 2850 276 2912 turum,
295 2837 328 2898 iu
348 2837 470 2899 civitate
491 2835 614 2920 vitaque
637 2834 762 2919 publica
785 2846 816 2898 et
836 2836 951 2919 privata
973 2834 1181 2914 destinentur,
1206 2841 1266 2904 sint

151 2942 475 3008 accommodatissima.
769 2937 772 2943 '
886 2945 890 2955 ⁴

195 3050 239 3112 Ex
260 3047 306 3112 bis
325 3049 442 3122 tribus,
463 3068 544 3132 quae
566 3045 751 3109 attendenda
773 3058 863 3123 sunt,
888 3049 1047 3130 primam
1075 3046 1152 3111 adeo
1175 3071 1262 3134 aper-

151 3167 240 3231 tum,
275 3155 454 3240 cognitum,
491 3154 631 3238 agnitum
666 3163 730 3226 est,
765 3153 837 3216 licet
860 3153 946 3237 justo
981 3175 1069 3239 saepe
1102 3156 1203 3219 minus
1232 3158 1263 3220 in

151 3255 340 3325 institutione
373 3259 506 3344 practica
538 3259 752 3338 observatum,
788 3281 891 3346 neque
925 3282 960 3324 ea
998 3263 1172 3338 severitate,
1201 3285 1264 3350 qua

151 3378 307 3464 oporteat,
330 3365 366 3430 ad
393 3365 487 3429 finem
513 3361 560 3453 (2)
582 3364 788 3450 perductum,
809 3377 849 3458 ut
870 3388 929 3430 non
955 3369 1011 3444 sit,
1044 3368 1129 3454 quod
1150 3370 1182 3432 in
1198 3367 1263 3434 bac

185 3698 226 3761 (l)
261 3697 394 3747 Practicus
411 3705 544 3761 praeterea
558 3700 661 3762 linguae
676 3699 784 3749 Latinae
803 3713 878 3759 usus,
902 3701 1015 3748 maxime
1030 3700 1057 3747 in
1079 3700 1190 3750 scientiis
1211 3716 1265 3752 ma-

150 3783 241 3832 teriam
258 3781 354 3844 magis,
369 3796 446 3844 quam
460 3781 570 3831 formam
588 3783 777 3846 spectantibus,
799 3781 988 3845 promovendus
1009 3797 1064 3832 esse
1085 3783 1200 3845 ridetur,
1218 3800 1264 3845 ne,

149 3865 238 3926 inopia
252 3864 393 3925 lectorum,
418 3864 496 3913 docta
514 3865 640 3926 scribendi
662 3880 744 3928 ,opera
761 3865 880 3914 voluntas
906 3865 1085 3928 exstinguatur
1106 3872 1130 3914 et
1151 3869 1219 3928 nna,
1238 3871 1266 3916 ut

149 3946 331 4006 metuendum,
355 3947 468 3995 studium
490 3953 567 4010 atque
590 3947 759 4011 investigandi
780 3947 863 3996 ardor.
898 3947 1040 3996 Paullatim
1063 3949 1149 4009 enim,
1173 3962 1265 3999 verna·

152 4031 209 4078 cula
227 4029 382 4090 scribentes,
404 4045 420 4078 a
435 4031 589 4080 commercio
608 4031 698 4080 doctae
709 4025 1026 4095 Europae'excludimur,
1048 4032 1118 4095 quod
1138 4033 1265 4093 sentiunt,

150 4113 195 4178 qui
210 4111 252 4161 vel
267 4111 379 4176 Anglice
394 4114 436 4163 vel
453 4113 553 4164 Gallice
572 4130 651 4178 opera
672 4115 762 4176 edant,
778 4129 841 4179 quos
855 4121 942 4166 tamen
958 4115 1038 4164 miror
1052 4129 1097 4164 cur
1113 4131 1191 4179 prave
1204 4115 1267 4166 Gal·

148 4197 198 4246 lice
213 4201 256 4244 aut
272 4194 383 4258 Anglice
398 4210 475 4259 quam
493 4197 585 4246 Iratinc
601 4197 710 4246 scribere
724 4198 830 4259 malint,
845 4213 886 4248 me
898 4199 1007 4258 saltem,
1022 4199 1087 4246 haec
1102 4197 1159 4262 ips'a
1173 4203 1265 4262 testor,

149 4285 300 4342 sequentem
312 4293 365 4328 non
380 4279 511 4329 habentes.

184 4361 226 4425 (2)
260 4359 301 4412 Ne
316 4363 372 4427 quis
388 4363 484 4413 nimiae
498 4379 540 4414 me
558 4365 697 4414 severitatis
709 4365 940 4429 petulantiorieque
958 4365 984 4414 in
996 4363 1139 4427 judicando
1156 4366 1279 4440 levitatis*

4 4459 5 4466 ³
67 4501 68 4506 η
147 4448 262 4506 incuset,
283 4446 395 4507 tristem,
416 4447 499 4497 ubivis
519 4449 718 4512 experiundam,
738 4448 923 4514 experientiam
945 4461 1034 4497 eroco.
1070 4445 1142 4509 Quae
1163 4450 1265 4502 tandem
