2920 5044
708 339 731 400 5

165 553 246 619 quac
267 532 447 594 recentiores
470 529 552 592 bisce
571 539 819 612 praeponuntur:
847 553 956 614 nempe
970 536 1106 616 primo,
1128 537 1201 621 quia
1218 538 1279 600 ole-

165 649 265 702 menta
287 639 487 722 grammatica
518 636 694 720 linguarum
727 649 864 701 veterum
887 637 963 700 arico
983 641 1043 702 sint
1067 643 1193 706 materiai
1213 664 1279 706 am·

166 747 215 830 pla
239 746 429 829 cognitaque
462 741 616 820 difficilia3
658 753 750 827 atque
780 743 822 805 sic
844 745 953 806 inutile
976 767 1053 809 onus
1087 748 1138 828 sed
1167 749 1278 834 gravis-

165 853 276 914 simum
297 850 408 923 simul,
434 870 599 933 puerorum
621 847 756 911 humeris
777 849 956 934 imponant3
976 851 1115 929 deinde,
1137 857 1212 940 quia
1231 877 1278 919 ra-

167 959 247 1022 tione
269 955 378 1019 barum
398 954 617 1018 difficultatum
647 953 977 1040 incommodorumque
1002 961 1101 1052 *pauci
1134 981 1235 1046 neque
1259 962 1281 1024 ii

167 1063 293 1150 quidem
314 1063 383 1126 antis
404 1062 525 1146 pretiosi
546 1062 664 1124 fructus
689 1060 760 1124 inde
782 1061 974 1137 redundent,
998 1065 1122 1149 ingenio
1144 1069 1279 1153 antiqui-

164 1171 231 1234 tatis
254 1169 342 1232 nimis
378 1168 533 1230 anostris
553 1166 741 1250 temporibus
770 1165 947 1242 abhorrenti
980 1191 1081 1254 neque
1112 1163 1279 1255 puerorum

165 1277 272 1341 animis
292 1275 361 1336 satis
381 1275 540 1358 perspicue
562 1274 751 1359 interiusque
772 1274 998 1360 cognoscendo.
1047 1275 1132 1352 Sed,
1154 1289 1189 1340 ut
1210 1279 1279 1343 bre·

165 1384 252 1446 vibus
270 1383 427 1466 colligam:
446 1380 520 1443 baec
537 1381 599 1464 ipsa
618 1381 795 1464 linguarum
811 1383 1009 1467 antiquarum
1025 1405 1043 1445 a
1060 1387 1166 1447 nostris
1181 1386 1279 1452 aliena

166 1500 273 1553 natura
303 1497 423 1550 exercet
456 1505 622 1569 puerorum
653 1488 768 1550 animos
798 1508 972 1572 eorumque
1004 1489 1163 1553 facultates
1195 1493 1280 1556 acuit

164 1608 267 1682 atque,
289 1595 418 1672 excitat3
456 1592 618 1656 difficultas
653 1614 759 1655 earum
792 1604 950 1676 promovet
979 1605 1153 1682 accuratam
1175 1619 1279 1682 gram·

165 1703 347 1766 maticarum
379 1701 545 1762 formarum
580 1709 674 1783 atque
703 1699 857 1782 ipsarum,
882 1721 962 1784 quae
986 1711 1156 1766 tractantur
1176 1724 1278 1767 rerum

161 1809 319 1874 clariorem
356 1807 586 1890 cognitionem,
631 1807 722 1868 certis
764 1803 970 1869 fundamentis
1011 1809 1135 1885 nixam,
1178 1821 1277 1873 nostra

163 1936 252 1998 saepe
275 1923 372 1976 aetate
402 1913 492 1974 nimis
514 1910 615 1973 eheu!
650 1911 842 1995 neglectam
864 1911 915 1974 sed
939 1925 1057 1997 praeter
1076 1913 1172 1989 haec,
1197 1937 1277 2000 quae

163 2021 334 2108 gravissima
358 2029 447 2104 sunt;
493 2017 532 2079 ab
562 2018 619 2078 alia
652 2027 736 2100 parte
768 2019 918 2101 spectanti
938 2018 1079 2082 formatio
1099 2021 1277 2105 linguarum

162 2137 314 2202 veterum,
332 2135 439 2207 utpote
460 2126 491 2186 in
508 2123 635 2206 juvenili
660 2134 758 2186 aetate
781 2125 898 2208 generis
924 2123 1054 2189 humani
1073 2127 1274 2204 versantium,

160 2229 292 2318 propius
316 2252 412 2316 quam
443 2230 567 2312 linguae
600 2230 801 2304 recentiores,
843 2229 927 2293 abest
959 2253 976 2293 a
1004 2231 1148 2314 juvenilis
1181 2233 1276 2296 animi

161 2337 270 2402 naturai
302 2339 357 2423 qui
386 2337 505 2400 facilius
538 2335 744 2420 syntheticas,
767 2356 848 2419 quae
868 2335 1036 2413 dicuntur,
1063 2339 1183 2424 linguas
1205 2360 1275 2422 per-

159 2446 266 2530 spicit,
285 2465 379 2530 quam
402 2443 602 2517 recentiores,
621 2442 850 2520 abstractiores,
873 2443 1040 2530 analyticas
1067 2441 1128 2529 (1).

206 2552 265 2615 Sed
285 2550 438 2614 accedunt
459 2551 595 2634 graviora
619 2550 729 2611 etiam:
756 2560 893 2612 veterum
914 2551 1054 2634 scripta,
1079 2549 1119 2612 ad
1148 2550 1272 2635 linguae

161 2668 329 2732 naturam,
347 2657 435 2741 quasi
460 2654 685 2740 syntbeticam,
711 2654 939 2739 percipiendam
958 2653 1023 2744 (2),
1042 2659 1274 2742 grammatice

159 2766 291 2828 maxime
310 2761 468 2825 tractanda
493 2761 547 2849 (sic
568 2763 648 2824 enim
673 2783 726 2823 sua
748 2762 803 2825 sibi
834 2764 862 2823 vi
892 2773 997 2845 sponte
1028 2762 1181 2843 juvenum
1205 2766 1271 2826 ani·
1363 2777 1366 2784 '

191 3151 232 3212 (1)
266 3152 315 3199 Ex.
328 3151 398 3200 hisce
420 3151 496 3199 etiem
515 3149 698 3209 derivandum,
718 3149 788 3211 quod
805 3163 852 3212 per
870 3150 1044 3212 cognitionem
1062 3149 1207 3212 linguarum
1225 3163 1267 3198 vc·

156 3243 238 3284 torum
259 3235 369 3298 optimus
385 3235 494 3297 quisque
512 3233 694 3296 grammaticus
718 3232 750 3280 ad
774 3233 924 3282 vernaculae
951 3233 1098 3282 interiorem
1124 3233 1268 3296 intelligen-

154 3318 216 3366 tiam
240 3317 273 3366 ad
293 3318 342 3366 hoc
363 3331 444 3379 usqne
462 3321 563 3378 tempus
583 3317 701 3378 pervenit
721 3321 746 3365 et
765 3331 877 3379 semper,
898 3317 925 3364 ni
946 3317 1048 3378 egregie
1068 3316 1158 3376 fallor,
1176 3331 1266 3380 perve-

153 3403 208 3450 nire
224 3400 341 3459 debebit,
358 3399 448 3447 cadem
466 3399 564 3447 ratione
579 3404 670 3461 atque,
688 3399 732 3461 qui
752 3411 779 3447 se
796 3393 881 3462 ipsum
899 3406 1006 3448 'noscere
1033 3399 1109 3460 velit,
1134 3408 1178 3448 eut
1202 3399 1267 3448 elio·

152 3499 209 3532 rum
232 3483 365 3532 hominum
383 3483 482 3530 animos
494 3488 667 3544 perscrutatus
689 3485 716 3530 s'e
731 3481 785 3544 ipse
803 3483 853 3531 illis
872 3488 1017 3544 comparat,
1042 3489 1086 3529 aar
1107 3497 1140 3530 ex
1159 3483 1210 3531 suis
1229 3483 1266 3545 ip·

154 3569 205 3616 sius
223 3565 295 3614 fectis
314 3579 341 3613 se
365 3565 510 3626 cognoscit:
529 3564 637 3612 noscitur
656 3579 685 3611 ec
695 3562 791 3624 factis;
816 3565 861 3614 sed
884 3565 959 3614 nimie
979 3565 1064 3613 stricte
1086 3563 1215 3613 Goethe
1233 3564 1266 3612 ad

153 3651 345 3714 quaestionem:
370 3646 501 3708 Wiedarm
516 3663 573 3696 aran
591 3647 642 3696 siclt
663 3647 736 3695 selbst
759 3646 852 3703 kennea
876 3647 973 3696 lernen?
998 3648 1148 3709 respondet:
1179 3645 1267 3696 Durclr
1308 3664 1310 3669 ·

151 3731 300 3782 Betrcclrten
318 3729 432 3792 niemalr,
450 3731 514 3780 well
529 3733 587 3780 aber
605 3729 681 3780 darei
698 3730 825 3779 Heedeln.
861 3730 971 3789 Werke,
989 3731 1037 3779 Th.
1054 3731 1082 3790 Ι,
1101 3745 1127 3793 p.
1142 3735 1201 3780 387.

186 3815 227 3878 (2)
261 3815 380 3877 Linguae
397 3822 507 3874 veteres,
522 3821 611 3878 utpote
629 3821 776 3874 concretae,
794 3821 852 3862 sunt
867 3815 1017 3872 viridiores,
1035 3813 1164 3862 clariores.
1185 3811 1264 3862 Prae·

150 3901 237 3948 sertim
254 3899 343 3960 lingua
358 3899 464 3957 Latina,
479 3904 506 3946 ut
522 3899 593 3946 nulla
610 3898 675 3958 alia,
691 3896 818 3961 pellucido
836 3904 917 3946 estut
940 3897 1012 3944 vestr’e
1034 3894 1100 3954 Ooo,·
1121 3897 1181 3945 hinc
1202 3911 1263 3946 vero

117 3988 122 3992 “
150 3982 228 4030 ctiam
244 3982 328 4030 minus
341 3982 521 4044 philosophiae
539 3988 605 4044 apta.
639 3981 711 4031 Inter
724 3983 879 4030 recentiores
896 3981 946 4029 hac
964 3981 991 4028 in
1008 3987 1081 4042 parte
1099 3981 1264 4029 vernaculam

148 4071 260 4112 nostram
280 4065 398 4127 proxime
417 4065 449 4113 ad
464 4066 583 4112 Latinam
597 4065 717 4114 accedere
735 4071 812 4127 puto,
839 4079 937 4126 neque,
964 4063 1071 4126 opinor,
1100 4062 1263 4124 diffitebitur,

88 4185 96 4190 .
147 4149 191 4210 qui
211 4153 335 4196 nostrates
356 4149 466 4210 optimos
484 4154 508 4195 et
525 4150 679 4196 recentiores
704 4153 729 4196 et
756 4148 911 4210 antiquiores
936 4147 1071 4208 scriptores
1095 4145 1187 4206 legerit
1207 4142 1260 4206 (in-

148 4231 253 4295 genium
278 4230 359 4279 nostri
383 4232 507 4280 sermonis
530 4231 684 4292 referentes,
714 4245 766 4279 non
792 4231 854 4279 istos
879 4229 1054 4287 Galliaontas,
1073 4227 1260 4288 Anglizontas,

149 4311 362 4362 Germaniaontas
386 4314 464 4362 verbo
494 4313 698 4375 barbarizantes,
723 4319 780 4362 utut
808 4313 943 4377 splendido
972 4312 1061 4362 habitu
1087 4309 1204 4371 ornatos)
1233 4311 1261 4358 in

149 4395 239 4460 quibus
256 4395 302 4442 ille
315 4395 371 4458 ipse
385 4395 552 4458 perspicuitas
567 4402 592 4444 et
604 4398 676 4459 quasi
691 4397 772 4446 vitrea
785 4395 946 4458 simplicitas,
959 4395 996 4442 uti
1006 4381 1037 4443 'in
1051 4394 1141 4456 lingua
1154 4392 1260 4453 Latina,

148 4484 216 4528 reete
244 4484 411 4528 aestumetur.
448 4477 483 4541 (0
502 4481 598 4541 patrius
617 4481 694 4529 decor
712 4479 911 4542 simplicitasque
934 4480 1034 4536 nativa,
1053 4478 1079 4524 in
1100 4481 1198 4525 vetusta
1215 4474 1260 4524 illa
