2874 5048
634 399 681 486 si

99 593 268 660 disturbet
285 595 432 668 eueniat,
466 604 496 656 et
524 591 724 679 hypothetice
744 593 828 658 dicta
854 609 972 675 essent,
991 599 1130 664 scilicet:
1148 621 1211 688 quo

102 703 163 767 telo
193 701 288 775 dem,
319 702 345 764 si
375 711 468 775 esset,
502 700 716 785 mutuasset,
752 703 935 786 praeteriret
975 719 1123 772 nocentes
1150 719 1212 772 etc.

100 810 236 895 Legatur
260 829 353 894 crgo:
374 806 471 894 qued,

147 914 292 992 2,1116.
326 915 531 998 summopere
555 912 650 975 miror
671 911 757 999 quod
776 914 943 1000 Forbiger,
968 915 1215 984 Wakefietdium

100 1031 245 1098 secutus,
278 1020 415 1104 reposuit
444 1018 598 1104 denique,
638 1018 689 1081 cui
715 1020 821 1082 nulius
860 1031 905 1084 est
943 1021 1041 1088 locus.
1090 1025 1214 1090 Etenim
1287 1011 1290 1021 Α

103 1126 244 1214 denique
275 1125 406 1190 hicnon
437 1125 528 1188 aliter
556 1124 651 1208 possit
679 1125 804 1189 tolerari
829 1148 922 1213 quam
950 1129 982 1192 in
1008 1132 1217 1197 enumeratio·

106 1255 165 1298 ne:
191 1234 347 1319 primum,
381 1231 514 1307 deinde,
553 1230 709 1317 denique;
747 1253 818 1296 narn
853 1234 877 1296 si
910 1232 1073 1318 perduxit
1101 1237 1217 1304 refera-

81 1341 246 1420 ,tur.sic,
280 1351 314 1404 ut
345 1337 500 1424 significet
527 1337 690 1402 ultimum
726 1337 834 1424 finem
861 1352 1025 1420 naturae,
1053 1344 1123 1429 quis
1152 1366 1216 1410 non

106 1446 191 1510 videt
227 1444 309 1508 banc
342 1445 611 1520 cumulationem,
639 1444 707 1528 jam
750 1447 862 1529 positia
888 1447 998 1532 finem
1029 1449 1221 1534 perducit,

105 1552 200 1637 piane
229 1573 294 1615 esse
324 1550 480 1614 otiosam?
537 1550 598 1614 Sed
619 1552 847 1615 enumerationi
880 1554 986 1618 nuilus
1015 1568 1062 1619 est
1085 1554 1136 1620 bic
1167 1558 1218 1621 Ιο-

106 1679 180 1734 cus,
208 1672 311 1744 neque
341 1656 379 1720 ad
404 1659 582 1743 quampiam
614 1679 679 1720 rem
710 1657 767 1720 ista
789 1658 924 1742 expedit.

151 1767 250 1828 Recte
272 1786 344 1827 vero
368 1762 525 1828 donicum
537 1763 685 1826 :donee
707 1761 781 1851 (vid.
805 1765 989 1830 Lambiuum
1020 1767 1154 1830 multum
1178 1764 1219 1832 de

104 1870 164 1934 bac
202 1889 278 1934 racc
307 1869 345 1933 ad
367 1881 462 1936 nostr.
487 1865 607 1955 iocum)
628 1891 695 1932 sese
723 1868 827 1936 babet.
874 1872 1020 1959 ansque
1038 1873 1121 1936 enim
1145 1871 1220 1959 (sig-

108 1977 215 2042 nificat
237 1972 343 2062 poeta)
368 1975 481 2039 humor
508 1975 630 2042 accedit
656 1976 799 2053 humori,
824 1988 907 2042 terra
935 1990 1056 2054 terrae,
1083 1979 1149 2065 igni
1170 1979 1219 2065 ig·

108 2085 176 2159 nis,
209 2082 327 2148 aetheri
353 2081 482 2160 aether,
516 2083 600 2145 omni
634 2105 667 2146 re
699 2083 861 2167 particulis
891 2084 938 2148 sui
973 2085 1097 2170 generis
1128 2106 1219 2150 acce-

110 2190 258 2256 dentibus
297 2201 479 2268 crescente,
509 2190 610 2255 donec
643 2201 752 2254 natura
792 2211 857 2253 rem
889 2189 928 2254 ad
959 2191 1117 2277 fastigium
1143 2213 1220 2276 per-

111 2297 222 2374 duxit,
250 2297 295 2360 uti
327 2297 394 2360 vira
419 2296 574 2382 contingit
600 2306 722 2360 maturo
753 2297 806 2382 qui
831 2296 868 2359 ad
894 2318 968 2360 suae
994 2308 1123 2360 naturae
1148 2319 1220 2382 per-

115 2404 229 2468 fectam
251 2404 393 2489 pervenit
414 2415 546 2468 aetatem
559 2427 574 2479 ;·
591 2425 672 2489 quac
703 2403 770 2487 ipse
790 2403 923 2487 explicat
955 2415 998 2468 rs.
1033 2404 1118 2466 1122
1149 2423 1218 2489 sqq.

102 2577 105 2590 ‚
157 2511 365 2574 Noniantum
391 2531 463 2574 vero
494 2496 600 2574 senens
644 2509 697 2573 sed
736 2509 926 2595 optimorum
960 2509 1106 2574 codicum
1144 2509 1220 2574 fides

111 2617 268 2682 donicum
289 2616 441 2682 reducere
472 2617 604 2683 ridetur.
654 2617 730 2681 Nam
763 2629 898 2704 quatuor
925 2617 1048 2682 codices
1080 2613 1221 2682 Lambini

110 2721 270 2789 habebant
293 2723 466 2800 donicum,
497 2726 542 2788 uti
573 2737 603 2787 ct
638 2723 799 2802 Vossiani,
840 2725 864 2786 si
902 2723 1146 2808 Harcrcampius
1175 2734 1221 2789 ta·

111 2829 213 2894 cando
241 2830 414 2905 consentit,
440 2829 524 2916 quod
550 2830 734 2914 probabile,
759 2853 857 2917 quum
884 2830 1024 2895 Vossiaui
1048 2830 1080 2893 in
1106 2831 1217 2914 pleris-

110 2958 173 3023 que
194 2958 266 3001 cum
289 2936 430 3001 Lambini
451 2937 611 3001 codicibus
643 2938 824 3021 praesertim
854 2936 1034 3000 Bertiuiano
1062 2948 1092 3000 et
1123 2938 1219 3001 Mem-

109 3045 213 3108 miano
234 3044 413 3109 concinant.
463 3044 500 3108 Et
526 3044 572 3106 rei
603 3045 722 3108 Nonius
754 3045 863 3108 locon
892 3042 1062 3127 Forbigero
1092 3042 1219 3108 laudato

110 3148 350 3237 ponderique,
380 3149 434 3214 scd
458 3150 613 3213 donicum
645 3149 789 3226 exbibet,
820 3147 950 3212 si-fides
978 3149 1017 3212 sit
1044 3148 1218 3229 Lambino,

108 3255 146 3320 ad
173 3277 268 3342 quem
292 3258 358 3341 ipse
392 3256 542 3343 Forbiger
577 3257 779 3342 provocavit,
819 3267 854 3318 ut
873 3256 1002 3340 perfica
1026 3256 1219 3326 restituatur.

157 3365 187 3438 2,
205 3366 300 3429 1128.
353 3364 396 3426 Ex
425 3363 581 3430 Vossianis
623 3366 804 3428 restituatur
828 3361 943 3446 fluere
974 3383 1014 3425 oe
1051 3361 1219 3443 decedere,

110 3468 195 3558 quod
218 3483 249 3535 et
268 3471 380 3534 melius
405 3469 480 3534 buic
506 3472 576 3535 ioco
600 3471 767 3546 convenit,
797 3490 857 3534 nac
887 3470 988 3534 obstat
1026 3491 1068 3537 rs.
1111 3471 1217 3547 1119,

108 3577 183 3654 ubi,
216 3599 256 3640 ne
283 3598 388 3641 versus
430 3577 468 3640 sit
508 3578 695 3662 spondiacus
726 3587 811 3641 extra
851 3577 1088 3652 necessitatem,
1120 3587 1220 3662 utque

108 3681 243 3747 accedat
264 3695 335 3768 apte
357 3681 504 3767 ponitur;
536 3707 607 3748 nam
634 3685 731 3748 variat
766 3703 857 3767 saepe
888 3682 1049 3746 Lucretius
1086 3681 1119 3745 in
1150 3704 1218 3748 rer-

107 3792 172 3868 bis,
206 3801 241 3853 ut
272 3811 340 3854 mea
369 3789 504 3868 faciam,
537 3811 620 3877 quae
640 3789 791 3875 Forbiger
819 3787 857 3852 ad
883 3788 968 3854 1125
989 3799 1098 3852 contra
1123 3787 1218 3854 Orcl-

108 3897 186 3960 lium
210 3897 342 3963 monuit.

154 4005 301 4081 2,1139.
349 4003 408 4067 Hic
428 4025 550 4080 versus,
569 4025 585 4066 a
608 4003 779 4088 Forbigoro
798 4001 887 4065 uncis
908 4000 1068 4076 inclusus,
1091 3999 1219 4066 omnino

109 4120 236 4173 ctextu
268 4107 477 4173 eliminandus
499 4119 555 4174 est.
603 4109 707 4172 Primo
735 4107 818 4171 enim
844 4108 882 4170 in
912 4106 1035 4191 optimis
1058 4106 1219 4169 codicibus

109 4227 139 4281 et
157 4215 302 4280 Lambini
324 4227 354 4280 et
374 4215 530 4282 Vossianis
543 4237 604 4280 non
623 4215 777 4301 reperitur
788 4239 796 4294 ;
818 4213 975 4291 secundo,
988 4213 1111 4276 nulium
1130 4233 1221 4296 prae·

109 4321 164 4385 bet
188 4343 334 4400 sensum3
367 4333 402 4386 ut
431 4321 501 4409 quis
543 4322 628 4387 enim
658 4344 766 4388 sensus
795 4333 865 4399 aut,
901 4331 936 4383 ut
966 4319 1144 4384 accuratius
1172 4317 1220 4382 di·

111 4447 201 4506 cam,
226 4429 379 4516 quaedam
395 4428 587 4494 constructio
601 4440 785 4516 appareret,
808 4428 941 4493 verbum
960 4425 1113 4490 suboriri
1132 4427 1218 4493 1138

112 4534 270 4602 causativis
302 4535 531 4624 significatione
571 4536 652 4601 sumi
691 4534 840 4614 deberet,
879 4531 963 4621 qnod
995 4531 1082 4597 nialla
1119 4541 1220 4616 potest
