<?xml version="1.0" encoding="UTF-8"?>
<!DOCTYPE html PUBLIC "-//W3C//DTD XHTML 1.0 Transitional//EN"
    "http://www.w3.org/TR/xhtml1/DTD/xhtml1-transitional.dtd">
<html xmlns="http://www.w3.org/1999/xhtml" xml:lang="en" lang="en">
 <head>
  <title>
</title>
<meta http-equiv="Content-Type" content="text/html;charset=utf-8" />
  <meta name='ocr-system' content='tesseract 3.04.00' />
  <meta name='ocr-capabilities' content='ocr_page ocr_carea ocr_par ocr_line ocrx_word'/>
</head>
<body>
  <div class='ocr_page' id='page_1' title='image "./dissertatiocrit00roosgoog_0060.png"; bbox 0 0 2874 5048; ppageno 0'>
   <div class='ocr_carea' id='block_1_1' title="bbox 627 334 672 396">
    <p class='ocr_par' dir='ltr' id='par_1_1' title="bbox 627 334 672 396">
     <span class='ocr_line' id='line_1_1' title="bbox 627 334 672 396; baseline -0.044 0"><span class='ocrx_word' id='word_1_1' title='bbox 627 334 672 396; x_wconf 76' lang='lat' dir='ltr'><strong>tt</strong></span> 
     </span>
    </p>
   </div>
   <div class='ocr_carea' id='block_1_2' title="bbox 96 530 1233 2636">
    <p class='ocr_par' dir='ltr' id='par_1_2' title="bbox 96 530 1213 726">
     <span class='ocr_line' id='line_1_2' title="bbox 107 530 1213 623; baseline -0.004 -19"><span class='ocrx_word' id='word_1_2' title='bbox 107 561 170 604; x_wconf 91' lang='lat' dir='ltr'><strong>esse</strong></span> <span class='ocrx_word' id='word_1_3' title='bbox 194 544 270 623; x_wconf 81' lang='lat' dir='ltr'><strong>puto</strong></span> <span class='ocrx_word' id='word_1_4' title='bbox 291 555 384 622; x_wconf 90' lang='lat' dir='ltr'><strong>quam</strong></span> <span class='ocrx_word' id='word_1_5' title='bbox 411 553 504 618; x_wconf 90' lang='lat' dir='ltr'><strong>quem</strong></span> <span class='ocrx_word' id='word_1_6' title='bbox 528 531 646 594; x_wconf 78' lang='lat' dir='ltr'><strong>utravis</strong></span> <span class='ocrx_word' id='word_1_7' title='bbox 668 530 821 613; x_wconf 89' lang='lat' dir='ltr'><strong>partium,</strong></span> <span class='ocrx_word' id='word_1_8' title='bbox 848 533 912 595; x_wconf 87' lang='lat' dir='ltr'><strong>sire</strong></span> <span class='ocrx_word' id='word_1_9' title='bbox 928 554 1056 616; x_wconf 82' lang='lat' dir='ltr'><strong>purum</strong></span> <span class='ocrx_word' id='word_1_10' title='bbox 1076 535 1213 600; x_wconf 87' lang='lat' dir='ltr'><strong>infereu-</strong></span> 
     </span>
     <span class='ocr_line' id='line_1_3' title="bbox 96 635 1190 726; baseline 0 -17"><span class='ocrx_word' id='word_1_11' title='bbox 96 647 183 726; x_wconf 57' lang='lat' dir='ltr'><strong>⁴tium</strong></span> <span class='ocrx_word' id='word_1_12' title='bbox 210 645 272 708; x_wconf 87' lang='lat' dir='ltr'><strong>sire</strong></span> <span class='ocrx_word' id='word_1_13' title='bbox 290 664 389 726; x_wconf 81' lang='lat' dir='ltr'><strong>perrea</strong></span> <span class='ocrx_word' id='word_1_14' title='bbox 412 637 669 712; x_wconf 83' lang='lat' dir='ltr'><strong>defendentium,</strong></span> <span class='ocrx_word' id='word_1_15' title='bbox 701 635 777 699; x_wconf 89' lang='lat' dir='ltr'><strong>huic</strong></span> <span class='ocrx_word' id='word_1_16' title='bbox 813 637 885 702; x_wconf 88' lang='lat' dir='ltr'><strong>luen</strong></span> <span class='ocrx_word' id='word_1_17' title='bbox 903 638 1003 703; x_wconf 89' lang='lat' dir='ltr'><strong>inesse</strong></span> <span class='ocrx_word' id='word_1_18' title='bbox 1028 651 1190 725; x_wconf 87' lang='lat' dir='ltr'><strong>putarunt.</strong></span> 
     </span>
    </p>

    <p class='ocr_par' dir='ltr' id='par_1_3' title="bbox 106 735 1217 1681">
     <span class='ocr_line' id='line_1_4' title="bbox 136 735 1215 827; baseline -0.002 -13"><span class='ocrx_word' id='word_1_19' title='bbox 136 749 273 815; x_wconf 41' lang='lat' dir='ltr'><strong>*Etenim</strong></span> <span class='ocrx_word' id='word_1_20' title='bbox 301 750 345 811; x_wconf 92' lang='lat' dir='ltr'><strong>sic</strong></span> <span class='ocrx_word' id='word_1_21' title='bbox 376 755 556 810; x_wconf 76' lang='lat' dir='ltr'>construas:</span> <span class='ocrx_word' id='word_1_22' title='bbox 588 763 628 805; x_wconf 89' lang='lat' dir='ltr'><strong>ne</strong></span> <span class='ocrx_word' id='word_1_23' title='bbox 660 735 751 825; x_wconf 88' lang='lat' dir='ltr'><strong>putes</strong></span> <span class='ocrx_word' id='word_1_24' title='bbox 782 742 813 806; x_wconf 93' lang='lat' dir='ltr'><strong>id</strong></span> <span class='ocrx_word' id='word_1_25' title='bbox 838 764 929 827; x_wconf 87' lang='lat' dir='ltr'><strong>posse</strong></span> <span class='ocrx_word' id='word_1_26' title='bbox 965 745 1119 822; x_wconf 83' lang='lat' dir='ltr'><strong>residere,</strong></span> <span class='ocrx_word' id='word_1_27' title='bbox 1150 771 1215 812; x_wconf 83' lang='lat' dir='ltr'><strong>ma·</strong></span> 
     </span>
     <span class='ocr_line' id='line_1_5' title="bbox 106 849 1215 940; baseline -0.003 -19"><span class='ocrx_word' id='word_1_28' title='bbox 106 879 202 930; x_wconf 88' lang='lat' dir='ltr'><strong>uere,</strong></span> <span class='ocrx_word' id='word_1_29' title='bbox 237 876 332 940; x_wconf 90' lang='lat' dir='ltr'><strong>penes</strong></span> <span class='ocrx_word' id='word_1_30' title='bbox 373 873 504 936; x_wconf 88' lang='lat' dir='ltr'><strong>corpora</strong></span> <span class='ocrx_word' id='word_1_31' title='bbox 543 849 643 933; x_wconf 88' lang='lat' dir='ltr'><strong>prima</strong></span> <span class='ocrx_word' id='word_1_32' title='bbox 677 859 823 926; x_wconf 82' lang='lat' dir='ltr'><strong>aeterna,</strong></span> <span class='ocrx_word' id='word_1_33' title='bbox 848 850 933 937; x_wconf 93' lang='lat' dir='ltr'><strong>quod</strong></span> <span class='ocrx_word' id='word_1_34' title='bbox 966 851 1104 917; x_wconf 86' lang='lat' dir='ltr'><strong>ridemus</strong></span> <span class='ocrx_word' id='word_1_35' title='bbox 1137 853 1215 918; x_wconf 88' lang='lat' dir='ltr'><strong>flui-</strong></span> 
     </span>
     <span class='ocr_line' id='line_1_6' title="bbox 108 955 1217 1028; baseline -0.002 -1"><span class='ocrx_word' id='word_1_36' title='bbox 108 977 174 1028; x_wconf 87' lang='lat' dir='ltr'><strong>tare</strong></span> <span class='ocrx_word' id='word_1_37' title='bbox 207 963 240 1024; x_wconf 92' lang='lat' dir='ltr'><strong>iu</strong></span> <span class='ocrx_word' id='word_1_38' title='bbox 279 960 407 1024; x_wconf 92' lang='lat' dir='ltr'><strong>summis</strong></span> <span class='ocrx_word' id='word_1_39' title='bbox 451 957 542 1020; x_wconf 87' lang='lat' dir='ltr'><strong>rebus</strong></span> <span class='ocrx_word' id='word_1_40' title='bbox 583 966 614 1019; x_wconf 87' lang='lat' dir='ltr'><strong>et</strong></span> <span class='ocrx_word' id='word_1_41' title='bbox 657 955 814 1019; x_wconf 87' lang='lat' dir='ltr'><strong>interdum</strong></span> <span class='ocrx_word' id='word_1_42' title='bbox 860 958 944 1022; x_wconf 90' lang='lat' dir='ltr'><strong>nasci</strong></span> <span class='ocrx_word' id='word_1_43' title='bbox 996 969 1027 1022; x_wconf 88' lang='lat' dir='ltr'><strong>et</strong></span> <span class='ocrx_word' id='word_1_44' title='bbox 1057 959 1217 1025; x_wconf 89' lang='lat' dir='ltr'><strong>interdum</strong></span> 
     </span>
     <span class='ocr_line' id='line_1_7' title="bbox 108 1060 1214 1152; baseline 0 -19"><span class='ocrx_word' id='word_1_45' title='bbox 108 1070 210 1132; x_wconf 90' lang='lat' dir='ltr'><strong>subito</strong></span> <span class='ocrx_word' id='word_1_46' title='bbox 249 1067 362 1150; x_wconf 87' lang='lat' dir='ltr'><strong>perire.</strong></span> <span class='ocrx_word' id='word_1_47' title='bbox 411 1062 494 1144; x_wconf 87' lang='lat' dir='ltr'><strong>Quid</strong></span> <span class='ocrx_word' id='word_1_48' title='bbox 522 1071 625 1126; x_wconf 89' lang='lat' dir='ltr'><strong>autem</strong></span> <span class='ocrx_word' id='word_1_49' title='bbox 655 1060 735 1125; x_wconf 85' lang='lat' dir='ltr'><strong>ittud</strong></span> <span class='ocrx_word' id='word_1_50' title='bbox 766 1063 834 1126; x_wconf 82' lang='lat' dir='ltr'><strong>est?</strong></span> <span class='ocrx_word' id='word_1_51' title='bbox 863 1063 895 1126; x_wconf 96' lang='lat' dir='ltr'><strong>id</strong></span> <span class='ocrx_word' id='word_1_52' title='bbox 924 1064 1043 1148; x_wconf 87' lang='lat' dir='ltr'><strong>ipsum,</strong></span> <span class='ocrx_word' id='word_1_53' title='bbox 1066 1065 1150 1152; x_wconf 90' lang='lat' dir='ltr'><strong>quod</strong></span> <span class='ocrx_word' id='word_1_54' title='bbox 1172 1088 1214 1134; x_wconf 86' lang='lat' dir='ltr'><strong>rs.</strong></span> 
     </span>
     <span class='ocr_line' id='line_1_8' title="bbox 111 1165 1216 1248; baseline 0 -11"><span class='ocrx_word' id='word_1_55' title='bbox 111 1178 196 1241; x_wconf 82' lang='lat'>1020</span> <span class='ocrx_word' id='word_1_56' title='bbox 219 1175 251 1236; x_wconf 76' lang='lat' dir='ltr'><strong>dn</strong></span> <span class='ocrx_word' id='word_1_57' title='bbox 272 1177 311 1238; x_wconf 89' lang='lat'><strong>21</strong></span> <span class='ocrx_word' id='word_1_58' title='bbox 345 1171 435 1235; x_wconf 91' lang='lat' dir='ltr'><strong>variis</strong></span> <span class='ocrx_word' id='word_1_59' title='bbox 466 1168 568 1232; x_wconf 89' lang='lat' dir='ltr'><strong>verbis</strong></span> <span class='ocrx_word' id='word_1_60' title='bbox 596 1165 804 1248; x_wconf 88' lang='lat' dir='ltr'><strong>describitur;</strong></span> <span class='ocrx_word' id='word_1_61' title='bbox 838 1181 873 1234; x_wconf 88' lang='lat' dir='ltr'><strong>ut</strong></span> <span class='ocrx_word' id='word_1_62' title='bbox 904 1171 999 1234; x_wconf 82' lang='lat' dir='ltr'><strong>verbo</strong></span> <span class='ocrx_word' id='word_1_63' title='bbox 1029 1171 1150 1236; x_wconf 89' lang='lat' dir='ltr'><strong>dicam:</strong></span> <span class='ocrx_word' id='word_1_64' title='bbox 1169 1185 1216 1237; x_wconf 81' lang='lat' dir='ltr'><strong>est</strong></span> 
     </span>
     <span class='ocr_line' id='line_1_9' title="bbox 108 1272 1216 1366; baseline -0.001 -23"><span class='ocrx_word' id='word_1_65' title='bbox 108 1282 207 1346; x_wconf 86' lang='lat' dir='ltr'><strong>forma</strong></span> <span class='ocrx_word' id='word_1_66' title='bbox 239 1291 270 1344; x_wconf 86' lang='lat' dir='ltr'><strong>et</strong></span> <span class='ocrx_word' id='word_1_67' title='bbox 299 1277 503 1362; x_wconf 89' lang='lat' dir='ltr'><strong>conjunctio:</strong></span> <span class='ocrx_word' id='word_1_68' title='bbox 525 1272 604 1338; x_wconf 89' lang='lat' dir='ltr'><strong>haec</strong></span> <span class='ocrx_word' id='word_1_69' title='bbox 639 1275 759 1351; x_wconf 81' lang='lat' dir='ltr'><strong>forma,</strong></span> <span class='ocrx_word' id='word_1_70' title='bbox 798 1274 876 1340; x_wconf 89' lang='lat' dir='ltr'><strong>haec</strong></span> <span class='ocrx_word' id='word_1_71' title='bbox 902 1276 1216 1366; x_wconf 88' lang='lat' dir='ltr'><strong>cunjunctio,quam</strong></span> 
     </span>
     <span class='ocr_line' id='line_1_10' title="bbox 107 1381 1216 1466; baseline 0.001 -17"><span class='ocrx_word' id='word_1_72' title='bbox 107 1389 141 1450; x_wconf 92' lang='lat' dir='ltr'><strong>iu</strong></span> <span class='ocrx_word' id='word_1_73' title='bbox 172 1385 299 1449; x_wconf 90' lang='lat' dir='ltr'><strong>summis</strong></span> <span class='ocrx_word' id='word_1_74' title='bbox 316 1385 408 1454; x_wconf 89' lang='lat' dir='ltr'><strong>rebus</strong></span> <span class='ocrx_word' id='word_1_75' title='bbox 433 1381 588 1456; x_wconf 82' lang='lat' dir='ltr'><strong>ridemus,</strong></span> <span class='ocrx_word' id='word_1_76' title='bbox 611 1381 725 1444; x_wconf 89' lang='lat' dir='ltr'><strong>mutari</strong></span> <span class='ocrx_word' id='word_1_77' title='bbox 755 1403 817 1444; x_wconf 90' lang='lat' dir='ltr'><strong>non</strong></span> <span class='ocrx_word' id='word_1_78' title='bbox 852 1394 972 1466; x_wconf 87' lang='lat' dir='ltr'><strong>potest,</strong></span> <span class='ocrx_word' id='word_1_79' title='bbox 1004 1405 1131 1449; x_wconf 84' lang='lat' dir='ltr'><strong>manere</strong></span> <span class='ocrx_word' id='word_1_80' title='bbox 1157 1384 1216 1450; x_wconf 86' lang='lat' dir='ltr'><strong>de-</strong></span> 
     </span>
     <span class='ocr_line' id='line_1_11' title="bbox 109 1488 1215 1574; baseline -0.001 -18"><span class='ocrx_word' id='word_1_81' title='bbox 109 1494 162 1556; x_wconf 89' lang='lat' dir='ltr'><strong>bet</strong></span> <span class='ocrx_word' id='word_1_82' title='bbox 193 1492 286 1574; x_wconf 88' lang='lat' dir='ltr'><strong>penes</strong></span> <span class='ocrx_word' id='word_1_83' title='bbox 315 1490 489 1574; x_wconf 89' lang='lat' dir='ltr'><strong>principia,</strong></span> <span class='ocrx_word' id='word_1_84' title='bbox 519 1499 591 1551; x_wconf 92' lang='lat' dir='ltr'><strong>utut</strong></span> <span class='ocrx_word' id='word_1_85' title='bbox 624 1488 688 1570; x_wconf 85' lang='lat' dir='ltr'><strong>ipsa</strong></span> <span class='ocrx_word' id='word_1_86' title='bbox 717 1500 859 1566; x_wconf 81' lang='lat' dir='ltr'><strong>aeterua3</strong></span> <span class='ocrx_word' id='word_1_87' title='bbox 886 1489 1090 1556; x_wconf 86' lang='lat' dir='ltr'><strong>confirmatur</strong></span> <span class='ocrx_word' id='word_1_88' title='bbox 1111 1502 1215 1555; x_wconf 89' lang='lat' dir='ltr'><strong>nostra</strong></span> 
     </span>
     <span class='ocr_line' id='line_1_12' title="bbox 109 1593 721 1681; baseline -0.011 -19"><span class='ocrx_word' id='word_1_89' title='bbox 109 1597 324 1681; x_wconf 89' lang='lat' dir='ltr'><strong>interpretatio</strong></span> <span class='ocrx_word' id='word_1_90' title='bbox 346 1596 485 1660; x_wconf 79' lang='lat' dir='ltr'><strong>versibus</strong></span> <span class='ocrx_word' id='word_1_91' title='bbox 515 1593 721 1674; x_wconf 69' lang='lat'><strong>1004-1006,</strong></span> 
     </span>
    </p>

    <p class='ocr_par' dir='ltr' id='par_1_4' title="bbox 111 1699 1233 2317">
     <span class='ocr_line' id='line_1_13' title="bbox 155 1699 1216 1786; baseline -0.001 -19"><span class='ocrx_word' id='word_1_92' title='bbox 155 1703 268 1766; x_wconf 84' lang='lat' dir='ltr'>Sensus</span> <span class='ocrx_word' id='word_1_93' title='bbox 291 1722 366 1786; x_wconf 84' lang='lat' dir='ltr'><strong>erge</strong></span> <span class='ocrx_word' id='word_1_94' title='bbox 394 1711 457 1764; x_wconf 89' lang='lat' dir='ltr'><strong>est:</strong></span> <span class='ocrx_word' id='word_1_95' title='bbox 488 1721 527 1762; x_wconf 92' lang='lat' dir='ltr'><strong>ne</strong></span> <span class='ocrx_word' id='word_1_96' title='bbox 557 1711 645 1782; x_wconf 92' lang='lat' dir='ltr'><strong>putes</strong></span> <span class='ocrx_word' id='word_1_97' title='bbox 694 1699 825 1762; x_wconf 87' lang='lat' dir='ltr'><strong>formam</strong></span> <span class='ocrx_word' id='word_1_98' title='bbox 864 1723 900 1764; x_wconf 83' lang='lat' dir='ltr'><strong>ex</strong></span> <span class='ocrx_word' id='word_1_99' title='bbox 935 1723 1040 1765; x_wconf 86' lang='lat' dir='ltr'><strong>rerum</strong></span> <span class='ocrx_word' id='word_1_100' title='bbox 1088 1723 1216 1786; x_wconf 88' lang='lat' dir='ltr'><strong>compn-</strong></span> 
     </span>
     <span class='ocr_line' id='line_1_14' title="bbox 111 1805 1217 1892; baseline 0.001 -20"><span class='ocrx_word' id='word_1_101' title='bbox 111 1809 222 1872; x_wconf 88' lang='lat' dir='ltr'><strong>sitioue</strong></span> <span class='ocrx_word' id='word_1_102' title='bbox 249 1819 369 1882; x_wconf 87' lang='lat' dir='ltr'><strong>ortam,</strong></span> <span class='ocrx_word' id='word_1_103' title='bbox 392 1827 486 1892; x_wconf 81' lang='lat' dir='ltr'><strong>quam</strong></span> <span class='ocrx_word' id='word_1_104' title='bbox 519 1805 551 1868; x_wconf 94' lang='lat' dir='ltr'><strong>in</strong></span> <span class='ocrx_word' id='word_1_105' title='bbox 581 1806 823 1891; x_wconf 84' lang='lat' dir='ltr'>quibuscunque</span> <span class='ocrx_word' id='word_1_106' title='bbox 848 1805 947 1870; x_wconf 72' lang='lat' dir='ltr'><strong>reduc</strong></span> <span class='ocrx_word' id='word_1_107' title='bbox 962 1808 1146 1872; x_wconf 70' lang='lat' dir='ltr'><strong>sensilibus</strong></span> <span class='ocrx_word' id='word_1_108' title='bbox 1171 1809 1217 1873; x_wconf 80' lang='lat' dir='ltr'><strong>ri-</strong></span> 
     </span>
     <span class='ocr_line' id='line_1_15' title="bbox 111 1902 1216 1998; baseline 0.001 -20"><span class='ocrx_word' id='word_1_109' title='bbox 111 1915 220 1980; x_wconf 84' lang='lat' dir='ltr'>demus</span> <span class='ocrx_word' id='word_1_110' title='bbox 251 1913 401 1976; x_wconf 88' lang='lat' dir='ltr'><strong>coutiuun</strong></span> <span class='ocrx_word' id='word_1_111' title='bbox 421 1913 555 1986; x_wconf 87' lang='lat' dir='ltr'><strong>mutari,</strong></span> <span class='ocrx_word' id='word_1_112' title='bbox 576 1902 662 1975; x_wconf 88' lang='lat' dir='ltr'><strong>nunc</strong></span> <span class='ocrx_word' id='word_1_113' title='bbox 681 1911 782 1987; x_wconf 90' lang='lat' dir='ltr'><strong>nasci,</strong></span> <span class='ocrx_word' id='word_1_114' title='bbox 804 1933 889 1976; x_wconf 89' lang='lat' dir='ltr'><strong>nuuc</strong></span> <span class='ocrx_word' id='word_1_115' title='bbox 910 1914 1030 1996; x_wconf 82' lang='lat' dir='ltr'><strong>perire3</strong></span> <span class='ocrx_word' id='word_1_116' title='bbox 1051 1936 1090 1977; x_wconf 90' lang='lat' dir='ltr'><strong>ue</strong></span> <span class='ocrx_word' id='word_1_117' title='bbox 1109 1925 1216 1998; x_wconf 88' lang='lat' dir='ltr'><strong>putes,</strong></span> 
     </span>
     <span class='ocr_line' id='line_1_16' title="bbox 112 2017 1216 2101; baseline 0.002 -19"><span class='ocrx_word' id='word_1_118' title='bbox 112 2021 204 2095; x_wconf 90' lang='lat' dir='ltr'><strong>dicu,</strong></span> <span class='ocrx_word' id='word_1_119' title='bbox 244 2017 326 2082; x_wconf 87' lang='lat' dir='ltr'><strong>bane</strong></span> <span class='ocrx_word' id='word_1_120' title='bbox 364 2018 497 2082; x_wconf 87' lang='lat' dir='ltr'><strong>formam</strong></span> <span class='ocrx_word' id='word_1_121' title='bbox 536 2017 569 2079; x_wconf 94' lang='lat' dir='ltr'><strong>in</strong></span> <span class='ocrx_word' id='word_1_122' title='bbox 603 2018 764 2101; x_wconf 81' lang='lat' dir='ltr'><strong>principiis</strong></span> <span class='ocrx_word' id='word_1_123' title='bbox 808 2040 934 2096; x_wconf 86' lang='lat' dir='ltr'><strong>rerum,</strong></span> <span class='ocrx_word' id='word_1_124' title='bbox 965 2031 1036 2084; x_wconf 90' lang='lat' dir='ltr'><strong>utut</strong></span> <span class='ocrx_word' id='word_1_125' title='bbox 1064 2023 1216 2100; x_wconf 79' lang='lat' dir='ltr'><strong>aeternis,</strong></span> 
     </span>
     <span class='ocr_line' id='line_1_17' title="bbox 116 2124 1219 2210; baseline 0.001 -20"><span class='ocrx_word' id='word_1_126' title='bbox 116 2127 266 2190; x_wconf 86' lang='lat' dir='ltr'><strong>contiuuo</strong></span> <span class='ocrx_word' id='word_1_127' title='bbox 291 2145 474 2208; x_wconf 87' lang='lat' dir='ltr'><strong>permanere</strong></span> <span class='ocrx_word' id='word_1_128' title='bbox 503 2144 592 2206; x_wconf 79' lang='lat' dir='ltr'><strong>passe</strong></span> <span class='ocrx_word' id='word_1_129' title='bbox 612 2145 715 2209; x_wconf 91' lang='lat' dir='ltr'><strong>neque</strong></span> <span class='ocrx_word' id='word_1_130' title='bbox 742 2124 965 2206; x_wconf 85' lang='lat' dir='ltr'><strong>conjunctione</strong></span> <span class='ocrx_word' id='word_1_131' title='bbox 994 2137 1047 2190; x_wconf 90' lang='lat' dir='ltr'><strong>aut</strong></span> <span class='ocrx_word' id='word_1_132' title='bbox 1079 2126 1219 2210; x_wconf 87' lang='lat' dir='ltr'><strong>disjunc-</strong></span> 
     </span>
     <span class='ocr_line' id='line_1_18' title="bbox 112 2224 1233 2317; baseline -0.007 -21"><span class='ocrx_word' id='word_1_133' title='bbox 112 2234 195 2298; x_wconf 89' lang='lat' dir='ltr'><strong>tione</strong></span> <span class='ocrx_word' id='word_1_134' title='bbox 219 2251 359 2317; x_wconf 84' lang='lat' dir='ltr'><strong>uuquam</strong></span> <span class='ocrx_word' id='word_1_135' title='bbox 381 2251 471 2313; x_wconf 88' lang='lat' dir='ltr'><strong>posse</strong></span> <span class='ocrx_word' id='word_1_136' title='bbox 493 2229 629 2294; x_wconf 87' lang='lat' dir='ltr'><strong>dissolri.</strong></span> <span class='ocrx_word' id='word_1_137' title='bbox 1220 2224 1233 2229; x_wconf 70' lang='grc'><strong>”</strong></span> 
     </span>
    </p>

    <p class='ocr_par' dir='ltr' id='par_1_5' title="bbox 112 2335 1218 2636">
     <span class='ocr_line' id='line_1_19' title="bbox 156 2335 1218 2420; baseline 0.003 -21"><span class='ocrx_word' id='word_1_138' title='bbox 156 2337 322 2403; x_wconf 78' lang='lat' dir='ltr'>Concludit</span> <span class='ocrx_word' id='word_1_139' title='bbox 356 2345 448 2420; x_wconf 80' lang='lat' dir='ltr'><strong>poeta</strong></span> <span class='ocrx_word' id='word_1_140' title='bbox 479 2357 516 2398; x_wconf 83' lang='lat' dir='ltr'><strong>ex</strong></span> <span class='ocrx_word' id='word_1_141' title='bbox 547 2335 770 2417; x_wconf 82' lang='lat' dir='ltr'><strong>conjunctione</strong></span> <span class='ocrx_word' id='word_1_142' title='bbox 794 2337 943 2400; x_wconf 86' lang='lat' dir='ltr'><strong>continuo</strong></span> <span class='ocrx_word' id='word_1_143' title='bbox 973 2349 1090 2402; x_wconf 91' lang='lat' dir='ltr'><strong>mutata</strong></span> <span class='ocrx_word' id='word_1_144' title='bbox 1112 2359 1218 2402; x_wconf 87' lang='lat' dir='ltr'><strong>rerum</strong></span> 
     </span>
     <span class='ocr_line' id='line_1_20' title="bbox 113 2442 1218 2530; baseline 0 -22"><span class='ocrx_word' id='word_1_145' title='bbox 113 2445 271 2508; x_wconf 86' lang='lat' dir='ltr'><strong>sensilium</strong></span> <span class='ocrx_word' id='word_1_146' title='bbox 301 2443 341 2508; x_wconf 93' lang='lat' dir='ltr'><strong>ad</strong></span> <span class='ocrx_word' id='word_1_147' title='bbox 375 2442 629 2526; x_wconf 87' lang='lat' dir='ltr'><strong>conjunctionem</strong></span> <span class='ocrx_word' id='word_1_148' title='bbox 667 2442 816 2508; x_wconf 87' lang='lat' dir='ltr'><strong>euutinuo</strong></span> <span class='ocrx_word' id='word_1_149' title='bbox 857 2455 1008 2509; x_wconf 90' lang='lat' dir='ltr'><strong>mutatam</strong></span> <span class='ocrx_word' id='word_1_150' title='bbox 1044 2445 1218 2530; x_wconf 84' lang='lat' dir='ltr'><strong>principio-</strong></span> 
     </span>
     <span class='ocr_line' id='line_1_21' title="bbox 112 2548 811 2636; baseline 0.003 -24"><span class='ocrx_word' id='word_1_151' title='bbox 112 2571 181 2612; x_wconf 93' lang='lat' dir='ltr'><strong>rum</strong></span> <span class='ocrx_word' id='word_1_152' title='bbox 211 2571 291 2636; x_wconf 87' lang='lat' dir='ltr'><strong>quae</strong></span> <span class='ocrx_word' id='word_1_153' title='bbox 316 2549 456 2612; x_wconf 82' lang='lat' dir='ltr'><strong>sensibus</strong></span> <span class='ocrx_word' id='word_1_154' title='bbox 487 2548 607 2632; x_wconf 81' lang='lat' dir='ltr'><strong>percipi</strong></span> <span class='ocrx_word' id='word_1_155' title='bbox 639 2560 811 2634; x_wconf 86' lang='lat' dir='ltr'><strong>nequeunt.</strong></span> 
     </span>
    </p>
   </div>
   <div class='ocr_carea' id='block_1_3' title="bbox 109 2730 1219 3480">
    <p class='ocr_par' dir='ltr' id='par_1_6' title="bbox 109 2730 1219 3480">
     <span class='ocr_line' id='line_1_22' title="bbox 109 2730 1219 2848; baseline 0.01 -31"><span class='ocrx_word' id='word_1_156' title='bbox 109 2730 118 2744; x_wconf 49' lang='grc'>’</span> <span class='ocrx_word' id='word_1_157' title='bbox 159 2757 242 2820; x_wconf 87' lang='lat' dir='ltr'><strong>Haec</strong></span> <span class='ocrx_word' id='word_1_158' title='bbox 272 2778 369 2842; x_wconf 91' lang='lat' dir='ltr'><strong>quum</strong></span> <span class='ocrx_word' id='word_1_159' title='bbox 385 2743 451 2840; x_wconf 84' lang='lat' dir='ltr'><strong>jam</strong></span> <span class='ocrx_word' id='word_1_160' title='bbox 486 2756 694 2840; x_wconf 84' lang='lat' dir='ltr'><strong>scripsissem,</strong></span> <span class='ocrx_word' id='word_1_161' title='bbox 734 2759 767 2822; x_wconf 93' lang='lat' dir='ltr'><strong>in</strong></span> <span class='ocrx_word' id='word_1_162' title='bbox 797 2759 940 2822; x_wconf 77' lang='lat' dir='ltr'><strong>Diariir</strong></span> <span class='ocrx_word' id='word_1_163' title='bbox 980 2758 1219 2848; x_wconf 77' lang='lat' dir='ltr'><strong>Antiquitatie</strong></span> 
     </span>
     <span class='ocr_line' id='line_1_23' title="bbox 115 2862 1218 2953; baseline 0.008 -29"><span class='ocrx_word' id='word_1_164' title='bbox 115 2863 177 2926; x_wconf 91' lang='lat' dir='ltr'><strong>ridi</strong></span> <span class='ocrx_word' id='word_1_165' title='bbox 200 2862 330 2928; x_wconf 88' lang='lat' dir='ltr'><strong>eandem</strong></span> <span class='ocrx_word' id='word_1_166' title='bbox 353 2864 418 2926; x_wconf 82' lang='lat' dir='ltr'><strong>fere</strong></span> <span class='ocrx_word' id='word_1_167' title='bbox 449 2864 760 2947; x_wconf 84' lang='lat' dir='ltr'><strong>interpretationem,</strong></span> <span class='ocrx_word' id='word_1_168' title='bbox 793 2887 810 2929; x_wconf 88' lang='lat' dir='ltr'><strong>a</strong></span> <span class='ocrx_word' id='word_1_169' title='bbox 841 2865 906 2928; x_wconf 86' lang='lat' dir='ltr'><strong>rire</strong></span> <span class='ocrx_word' id='word_1_170' title='bbox 927 2864 1019 2930; x_wconf 85' lang='lat' dir='ltr'><strong>doctu</strong></span> <span class='ocrx_word' id='word_1_171' title='bbox 1038 2868 1124 2931; x_wconf 89' lang='lat' dir='ltr'><strong>Weil</strong></span> <span class='ocrx_word' id='word_1_172' title='bbox 1145 2891 1218 2953; x_wconf 88' lang='lat' dir='ltr'><strong>pro·</strong></span> 
     </span>
     <span class='ocr_line' id='line_1_24' title="bbox 114 2969 1218 3058; baseline 0.008 -26"><span class='ocrx_word' id='word_1_173' title='bbox 114 2971 227 3044; x_wconf 85' lang='lat' dir='ltr'><strong>latam,</strong></span> <span class='ocrx_word' id='word_1_174' title='bbox 251 2981 281 3032; x_wconf 86' lang='lat' dir='ltr'><strong>ct</strong></span> <span class='ocrx_word' id='word_1_175' title='bbox 311 2973 378 3034; x_wconf 89' lang='lat' dir='ltr'><strong>sine</strong></span> <span class='ocrx_word' id='word_1_176' title='bbox 400 2970 464 3034; x_wconf 84' lang='lat' dir='ltr'><strong>ulta</strong></span> <span class='ocrx_word' id='word_1_177' title='bbox 485 2970 678 3034; x_wconf 75' lang='lat' dir='ltr'><strong>dubitatione</strong></span> <span class='ocrx_word' id='word_1_178' title='bbox 710 2969 821 3058; x_wconf 85' lang='lat' dir='ltr'><strong>(quum</strong></span> <span class='ocrx_word' id='word_1_179' title='bbox 853 2993 915 3036; x_wconf 90' lang='lat' dir='ltr'><strong>uon</strong></span> <span class='ocrx_word' id='word_1_180' title='bbox 951 2972 989 3038; x_wconf 90' lang='lat' dir='ltr'><strong>de</strong></span> <span class='ocrx_word' id='word_1_181' title='bbox 1031 2975 1218 3040; x_wconf 85' lang='lat' dir='ltr'><strong>inventionis</strong></span> 
     </span>
     <span class='ocr_line' id='line_1_25' title="bbox 113 3059 1219 3166; baseline 0.008 -30"><span class='ocrx_word' id='word_1_182' title='bbox 113 3074 206 3142; x_wconf 85' lang='lat' dir='ltr'><strong>laude</strong></span> <span class='ocrx_word' id='word_1_183' title='bbox 236 3075 290 3140; x_wconf 90' lang='lat' dir='ltr'><strong>sed</strong></span> <span class='ocrx_word' id='word_1_184' title='bbox 318 3076 358 3140; x_wconf 86' lang='lat' dir='ltr'><strong>de</strong></span> <span class='ocrx_word' id='word_1_185' title='bbox 390 3076 583 3140; x_wconf 89' lang='lat' dir='ltr'><strong>restituendo</strong></span> <span class='ocrx_word' id='word_1_186' title='bbox 613 3077 750 3142; x_wconf 88' lang='lat' dir='ltr'><strong>Lucretii</strong></span> <span class='ocrx_word' id='word_1_187' title='bbox 770 3059 855 3142; x_wconf 79' lang='lat' dir='ltr'><strong>textu</strong></span> <span class='ocrx_word' id='word_1_188' title='bbox 884 3075 1007 3163; x_wconf 85' lang='lat' dir='ltr'><strong>agatur)</strong></span> <span class='ocrx_word' id='word_1_189' title='bbox 1036 3077 1113 3144; x_wconf 90' lang='lat' dir='ltr'><strong>baec</strong></span> <span class='ocrx_word' id='word_1_190' title='bbox 1145 3103 1219 3166; x_wconf 90' lang='lat' dir='ltr'><strong>sup·</strong></span> 
     </span>
     <span class='ocr_line' id='line_1_26' title="bbox 113 3181 1219 3267; baseline 0.008 -24"><span class='ocrx_word' id='word_1_191' title='bbox 113 3182 306 3265; x_wconf 85' lang='lat' dir='ltr'><strong>pressissem,</strong></span> <span class='ocrx_word' id='word_1_192' title='bbox 345 3182 402 3245; x_wconf 92' lang='lat' dir='ltr'><strong>nisi</strong></span> <span class='ocrx_word' id='word_1_193' title='bbox 435 3194 656 3267; x_wconf 72' lang='lat' dir='ltr'><strong>argumentum</strong></span> <span class='ocrx_word' id='word_1_194' title='bbox 688 3181 844 3267; x_wconf 85' lang='lat' dir='ltr'><strong>quoddam</strong></span> <span class='ocrx_word' id='word_1_195' title='bbox 886 3182 1040 3250; x_wconf 87' lang='lat' dir='ltr'><strong>addidisse</strong></span> <span class='ocrx_word' id='word_1_196' title='bbox 1073 3197 1103 3252; x_wconf 81' lang='lat' dir='ltr'><strong>et</strong></span> <span class='ocrx_word' id='word_1_197' title='bbox 1138 3188 1219 3252; x_wconf 80' lang='lat' dir='ltr'><strong>forte</strong></span> 
     </span>
     <span class='ocr_line' id='line_1_27' title="bbox 116 3285 1219 3372; baseline 0.01 -22"><span class='ocrx_word' id='word_1_198' title='bbox 116 3287 291 3350; x_wconf 90' lang='lat' dir='ltr'><strong>distinctius</strong></span> <span class='ocrx_word' id='word_1_199' title='bbox 325 3291 605 3372; x_wconf 73' lang='lat' dir='ltr'><strong>mentem&#39;pndtac</strong></span> <span class='ocrx_word' id='word_1_200' title='bbox 636 3287 809 3352; x_wconf 83' lang='lat' dir='ltr'><strong>declarasse</strong></span> <span class='ocrx_word' id='word_1_201' title='bbox 830 3285 905 3351; x_wconf 92' lang='lat' dir='ltr'><strong>mibi</strong></span> <span class='ocrx_word' id='word_1_202' title='bbox 929 3289 1061 3356; x_wconf 79' lang='lat' dir='ltr'><strong>viderer.</strong></span> <span class='ocrx_word' id='word_1_203' title='bbox 1094 3291 1219 3361; x_wconf 73' lang='lat' dir='ltr'><strong>iudicet</strong></span> 
     </span>
     <span class='ocr_line' id='line_1_28' title="bbox 114 3393 946 3480; baseline 0.006 -24"><span class='ocrx_word' id='word_1_204' title='bbox 114 3393 268 3480; x_wconf 89' lang='lat' dir='ltr'><strong>quisque,</strong></span> <span class='ocrx_word' id='word_1_205' title='bbox 298 3393 343 3456; x_wconf 89' lang='lat' dir='ltr'><strong>uti</strong></span> <span class='ocrx_word' id='word_1_206' title='bbox 374 3395 456 3457; x_wconf 87' lang='lat' dir='ltr'><strong>iuter</strong></span> <span class='ocrx_word' id='word_1_207' title='bbox 477 3394 576 3458; x_wconf 89' lang='lat' dir='ltr'><strong>bonos</strong></span> <span class='ocrx_word' id='word_1_208' title='bbox 597 3395 676 3457; x_wconf 80' lang='lat' dir='ltr'><strong>viros</strong></span> <span class='ocrx_word' id='word_1_209' title='bbox 707 3395 793 3480; x_wconf 87' lang='lat' dir='ltr'><strong>agier</strong></span> <span class='ocrx_word' id='word_1_210' title='bbox 814 3407 946 3479; x_wconf 88' lang='lat' dir='ltr'><strong>oportet.</strong></span> 
     </span>
    </p>
   </div>
   <div class='ocr_carea' id='block_1_4' title="bbox 82 3603 1222 4222">
    <p class='ocr_par' dir='ltr' id='par_1_7' title="bbox 82 3603 1222 4222">
     <span class='ocr_line' id='line_1_29' title="bbox 82 3603 1219 3692; baseline 0.004 -24"><span class='ocrx_word' id='word_1_211' title='bbox 82 3653 88 3658; x_wconf 43' lang='lat'><em>1</em></span> <span class='ocrx_word' id='word_1_212' title='bbox 140 3603 335 3680; x_wconf 65' lang='lat' dir='ltr'><strong>atoue-39.</strong></span> <span class='ocrx_word' id='word_1_213' title='bbox 366 3605 476 3688; x_wconf 86' lang='lat' dir='ltr'><strong>Neque</strong></span> <span class='ocrx_word' id='word_1_214' title='bbox 506 3605 599 3670; x_wconf 86' lang='lat' dir='ltr'><strong>lectio</strong></span> <span class='ocrx_word' id='word_1_215' title='bbox 627 3605 701 3668; x_wconf 94' lang='lat' dir='ltr'><strong>dum</strong></span> <span class='ocrx_word' id='word_1_216' title='bbox 729 3604 822 3689; x_wconf 91' lang='lat' dir='ltr'><strong>hujus</strong></span> <span class='ocrx_word' id='word_1_217' title='bbox 852 3607 933 3682; x_wconf 90' lang='lat' dir='ltr'><strong>luci,</strong></span> <span class='ocrx_word' id='word_1_218' title='bbox 962 3629 1065 3692; x_wconf 87' lang='lat' dir='ltr'><strong>neque</strong></span> <span class='ocrx_word' id='word_1_219' title='bbox 1094 3629 1219 3684; x_wconf 89' lang='lat' dir='ltr'><strong>sensus,</strong></span> 
     </span>
     <span class='ocr_line' id='line_1_30' title="bbox 115 3710 1220 3794; baseline 0.007 -22"><span class='ocrx_word' id='word_1_220' title='bbox 115 3721 200 3774; x_wconf 89' lang='lat' dir='ltr'><strong>recte</strong></span> <span class='ocrx_word' id='word_1_221' title='bbox 217 3721 289 3772; x_wconf 88' lang='lat' dir='ltr'><strong>suut</strong></span> <span class='ocrx_word' id='word_1_222' title='bbox 311 3710 488 3775; x_wconf 85' lang='lat' dir='ltr'><strong>constituta.</strong></span> <span class='ocrx_word' id='word_1_223' title='bbox 525 3711 718 3794; x_wconf 82' lang='lat' dir='ltr'><strong>Havercamp</strong></span> <span class='ocrx_word' id='word_1_224' title='bbox 742 3712 847 3788; x_wconf 88' lang='lat' dir='ltr'><strong>enim,</strong></span> <span class='ocrx_word' id='word_1_225' title='bbox 872 3712 936 3794; x_wconf 92' lang='lat' dir='ltr'><strong>ipse</strong></span> <span class='ocrx_word' id='word_1_226' title='bbox 964 3713 1148 3776; x_wconf 89' lang='lat' dir='ltr'><strong>Lambinum</strong></span> <span class='ocrx_word' id='word_1_227' title='bbox 1172 3737 1220 3780; x_wconf 89' lang='lat' dir='ltr'><strong>se-</strong></span> 
     </span>
     <span class='ocr_line' id='line_1_31' title="bbox 114 3814 1221 3908; baseline 0.005 -28"><span class='ocrx_word' id='word_1_228' title='bbox 114 3836 235 3900; x_wconf 90' lang='lat' dir='ltr'><strong>queus,</strong></span> <span class='ocrx_word' id='word_1_229' title='bbox 257 3815 330 3878; x_wconf 88' lang='lat' dir='ltr'><strong>licet</strong></span> <span class='ocrx_word' id='word_1_230' title='bbox 351 3815 389 3878; x_wconf 89' lang='lat' dir='ltr'><strong>de</strong></span> <span class='ocrx_word' id='word_1_231' title='bbox 411 3814 435 3875; x_wconf 86' lang='lat' dir='ltr'>Z</span> <span class='ocrx_word' id='word_1_232' title='bbox 455 3815 622 3908; x_wconf 87' lang='lat' dir='ltr'><strong>lectionem</strong></span> <span class='ocrx_word' id='word_1_233' title='bbox 637 3864 646 3893; x_wconf 90' lang='lat'><strong>,</strong></span> <span class='ocrx_word' id='word_1_234' title='bbox 661 3841 678 3878; x_wconf 85' lang='lat' dir='ltr'><strong>a</strong></span> <span class='ocrx_word' id='word_1_235' title='bbox 695 3817 787 3880; x_wconf 88' lang='lat' dir='ltr'><strong>Forb.</strong></span> <span class='ocrx_word' id='word_1_236' title='bbox 810 3829 986 3901; x_wconf 84' lang='lat' dir='ltr'><strong>receptam,</strong></span> <span class='ocrx_word' id='word_1_237' title='bbox 1008 3818 1156 3895; x_wconf 86' lang='lat' dir='ltr'><strong>affirmet,</strong></span> <span class='ocrx_word' id='word_1_238' title='bbox 1181 3820 1221 3886; x_wconf 86' lang='lat' dir='ltr'><strong>de</strong></span> 
     </span>
     <span class='ocr_line' id='line_1_32' title="bbox 114 3920 1222 4006; baseline 0.009 -24"><span class='ocrx_word' id='word_1_239' title='bbox 114 3921 142 3982; x_wconf 90' lang='lat' dir='ltr'>Y</span> <span class='ocrx_word' id='word_1_240' title='bbox 167 3933 269 3997; x_wconf 86' lang='lat' dir='ltr'><strong>tacet,</strong></span> <span class='ocrx_word' id='word_1_241' title='bbox 289 3920 396 4006; x_wconf 89' lang='lat' dir='ltr'><strong>quod,</strong></span> <span class='ocrx_word' id='word_1_242' title='bbox 420 3922 444 3984; x_wconf 90' lang='lat' dir='ltr'><strong>si</strong></span> <span class='ocrx_word' id='word_1_243' title='bbox 465 3921 547 3985; x_wconf 90' lang='lat' dir='ltr'><strong>idem</strong></span> <span class='ocrx_word' id='word_1_244' title='bbox 560 3923 720 3988; x_wconf 82' lang='lat' dir='ltr'><strong>invenerit</strong></span> <span class='ocrx_word' id='word_1_245' title='bbox 742 3923 775 3987; x_wconf 95' lang='lat' dir='ltr'><strong>in</strong></span> <span class='ocrx_word' id='word_1_246' title='bbox 797 3923 845 3999; x_wconf 90' lang='lat' dir='ltr'><strong>Y,</strong></span> <span class='ocrx_word' id='word_1_247' title='bbox 876 3925 1009 4000; x_wconf 89' lang='lat' dir='ltr'><strong>mirum,</strong></span> <span class='ocrx_word' id='word_1_248' title='bbox 1037 3946 1094 3988; x_wconf 89' lang='lat' dir='ltr'><strong>cur</strong></span> <span class='ocrx_word' id='word_1_249' title='bbox 1113 3936 1222 3992; x_wconf 85' lang='lat' dir='ltr'><strong>tacue-</strong></span> 
     </span>
     <span class='ocr_line' id='line_1_33' title="bbox 116 4028 1220 4120; baseline 0.007 -30"><span class='ocrx_word' id='word_1_250' title='bbox 116 4028 174 4104; x_wconf 85' lang='lat' dir='ltr'><strong>rit,</strong></span> <span class='ocrx_word' id='word_1_251' title='bbox 205 4028 348 4113; x_wconf 86' lang='lat' dir='ltr'><strong>sequenti</strong></span> <span class='ocrx_word' id='word_1_252' title='bbox 370 4049 464 4092; x_wconf 87' lang='lat' dir='ltr'><strong>versu</strong></span> <span class='ocrx_word' id='word_1_253' title='bbox 491 4028 658 4092; x_wconf 87' lang='lat' dir='ltr'><strong>lectionem</strong></span> <span class='ocrx_word' id='word_1_254' title='bbox 680 4030 746 4112; x_wconf 82' lang='lat' dir='ltr'><strong>ejus</strong></span> <span class='ocrx_word' id='word_1_255' title='bbox 768 4051 933 4116; x_wconf 85' lang='lat' dir='ltr'><strong>quaeque,</strong></span> <span class='ocrx_word' id='word_1_256' title='bbox 965 4051 1220 4120; x_wconf 65' lang='lat' dir='ltr'><strong>proptereaque,</strong></span> 
     </span>
     <span class='ocr_line' id='line_1_34' title="bbox 115 4135 1107 4222; baseline 0.002 -26"><span class='ocrx_word' id='word_1_257' title='bbox 115 4154 255 4218; x_wconf 81' lang='lat' dir='ltr'><strong>expresse</strong></span> <span class='ocrx_word' id='word_1_258' title='bbox 278 4155 464 4200; x_wconf 84' lang='lat' dir='ltr'><strong>memorans.</strong></span> <span class='ocrx_word' id='word_1_259' title='bbox 513 4135 675 4200; x_wconf 88' lang='lat' dir='ltr'><strong>Praeterea</strong></span> <span class='ocrx_word' id='word_1_260' title='bbox 701 4135 889 4213; x_wconf 82' lang='lat' dir='ltr'><strong>Lambinus,</strong></span> <span class='ocrx_word' id='word_1_261' title='bbox 915 4136 970 4222; x_wconf 91' lang='lat' dir='ltr'><strong>qui</strong></span> <span class='ocrx_word' id='word_1_262' title='bbox 992 4135 1107 4200; x_wconf 84' lang='lat' dir='ltr'><strong>edidit:</strong></span> 
     </span>
    </p>
   </div>
   <div class='ocr_carea' id='block_1_5' title="bbox 202 4337 1162 4542">
    <p class='ocr_par' dir='ltr' id='par_1_8' title="bbox 202 4337 1162 4542">
     <span class='ocr_line' id='line_1_35' title="bbox 202 4337 1103 4432; baseline 0.002 -22"><span class='ocrx_word' id='word_1_263' title='bbox 202 4337 405 4432; x_wconf 77' lang='lat' dir='ltr'><strong>Principio,</strong></span> <span class='ocrx_word' id='word_1_264' title='bbox 429 4347 599 4432; x_wconf 77' lang='lat' dir='ltr'><strong>quodsum</strong></span> <span class='ocrx_word' id='word_1_265' title='bbox 621 4351 780 4414; x_wconf 78' lang='lat' dir='ltr'><strong>minuunt</strong></span> <span class='ocrx_word' id='word_1_266' title='bbox 800 4349 968 4412; x_wconf 80' lang='lat' dir='ltr'><strong>mirarier</strong></span> <span class='ocrx_word' id='word_1_267' title='bbox 994 4367 1103 4412; x_wconf 74' lang='lat' dir='ltr'><strong>omnes</strong></span> 
     </span>
     <span class='ocr_line' id='line_1_36' title="bbox 205 4451 1162 4542; baseline 0.007 -28"><span class='ocrx_word' id='word_1_268' title='bbox 205 4451 426 4534; x_wconf 67' lang='lat' dir='ltr'><strong>Paullatim</strong></span> <span class='ocrx_word' id='word_1_269' title='bbox 443 4465 483 4519; x_wconf 80' lang='lat' dir='ltr'><strong>ut</strong></span> <span class='ocrx_word' id='word_1_270' title='bbox 513 4455 595 4518; x_wconf 78' lang='lat' dir='ltr'><strong>coeli</strong></span> <span class='ocrx_word' id='word_1_271' title='bbox 614 4456 748 4522; x_wconf 81' lang='lat' dir='ltr'><strong>clarum</strong></span> <span class='ocrx_word' id='word_1_272' title='bbox 763 4476 954 4542; x_wconf 82' lang='lat' dir='ltr'><strong>purumque</strong></span> <span class='ocrx_word' id='word_1_273' title='bbox 967 4455 1109 4520; x_wconf 81' lang='lat' dir='ltr'><strong>colorem</strong></span> <span class='ocrx_word' id='word_1_274' title='bbox 1120 4493 1162 4510; x_wconf 87' lang='lat'><em>-</em></span> 
     </span>
    </p>
   </div>
   <div class='ocr_carea' id='block_1_6' title="bbox 0 0 1450 5048">
    <p class='ocr_par' dir='ltr' id='par_1_9' title="bbox 0 0 1450 5048">
     <span class='ocr_line' id='line_1_37' title="bbox 0 0 1450 5048; baseline 0 0"><span class='ocrx_word' id='word_1_275' title='bbox 0 0 1450 5048; x_wconf 95' lang='lat' dir='ltr'><strong> </strong></span> 
     </span>
    </p>
   </div>
  </div>
 </body>
</html>
