2874 5048
646 380 693 442 113

113 583 224 666 cipere
257 597 392 643 aeneum
415 574 621 660 significaret:
657 574 703 638 od
725 579 879 640 ocimum
904 602 925 642 o
949 603 1085 666 corpore
1109 597 1224 652 tranr-

105 691 207 776 ferri
229 706 384 758 reorum,
409 683 467 746 reti
493 682 688 764 suseipitur
718 683 942 777 mandatum,
976 687 1019 751 ab
1050 691 1123 754 olio
1150 705 1225 760 tro-

111 796 237 861 ditum.
285 791 345 856 Sed
355 789 411 875 ''bex
439 790 493 864 iis,
511 789 604 874 {quae
633 788 768 853 diximus
802 793 967 857 referentes
993 794 1032 859 ad
1055 802 1221 880 334-37,

113 913 197 989 patet
228 899 309 963 banc
343 894 627 980 interpretationem
658 916 762 979 neque
795 897 897 963 sensui
932 903 1092 967 communi
1122 927 1227 992 noque

113 1016 223 1094 poetae
252 1003 422 1070 sententiae
439 999 615 1066 convenire.
663 999 822 1065 Manifesto
850 1005 941 1068 etiam
970 1006 1121 1072 refutatur
1147 1008 1226 1077 haec

112 1099 326 1197 interpretatio
362 1131 402 1173 vs.
436 1111 501 1172 360
528 1127 596 1191 sqq.
653 1106 714 1171 Sed
752 1120 909 1190 praeterea
943 1105 1066 1196 corpur
1097 1119 1226 1180 sentire

114 1219 249 1307 refutet
278 1218 372 1282 talem
396 1213 682 1296 interpretationem
716 1235 779 1277 non
812 1215 976 1300 recipiunt.
1025 1219 1226 1289 Accusatirus

116 1328 199 1393 enim
221 1344 295 1390 eum
314 1321 468 1385 infinitivo
498 1319 560 1383 sive
590 1318 711 1382 infinita
738 1320 835 1384 oratio
863 1332 950 1387 notat
976 1324 1006 1388 id
1035 1327 1119 1411 qnod
1142 1330 1226 1394 resu-

116 1446 218 1509 tatur‚
249 1451 323 1517 ergo
351 1449 457 1492 sensus
487 1447 553 1489 esse
573 1425 684 1490 debet:
717 1428 751 1488 ei
780 1430 860 1512 quir
881 1441 987 1517 negot
1008 1453 1131 1519 eorpus
1152 1457 1226 1500 ren-

117 1543 186 1603 tr're
207 1549 239 1602 et
260 1534 371 1600 erodit
393 1557 409 1595 e
431 1534 609 1613 contrario
631 1535 786 1595 animam
807 1537 946 1600 sentiro.

159 1648 244 1710 Haec
266 1644 289 1706 si
315 1663 382 1705 vere
404 1650 495 1715 sunt,
522 1639 555 1701 in
577 1660 664 1702 versu
688 1642 753 1702 357
781 1639 838 1703 sibi
866 1641 930 1725 ipse
955 1654 1046 1727 poe’ta
1072 1648 1146 1712 facit
1171 1650 1225 1714 ob·

111 1752 284 1837 jectionem
314 1749 359 1811 uti
384 1757 539 1830 praeterea
568 1756 648 1828 patet
680 1767 716 1808 ex
748 1756 785 1808 ot
804 1747 889 1830 quod
908 1750 1035 1814 solenne
1055 1765 1099 1816 est
1118 1754 1150 1818 in
1171 1756 1223 1819 tali

115 1880 223 1936 eausa;
260 1875 362 1918 versus
391 1855 455 1916 358
477 1853 549 1915 &9
577 1851 738 1915 continent
760 1873 960 1935 responsum,
993 1857 1038 1921 sie
1063 1879 1227 1944 compara-

117 1979 203 2030 tum:
237 1960 329 2026 »hoc
356 1981 419 2024 non
450 1959 564 2021 mirum
597 1968 661 2030 est,
693 1979 765 2021 uam
791 1981 897 2022 sensns
926 1943 989 2025 non
1020 1974 1065 2026 est
1087 1966 1227 2051 proprius

115 2070 270 2154 eorporis
295 2089 352 2150 per
383 2066 496 2137 vitam,
528 2062 580 2126 sed
606 2074 650 2127 est
679 2085 726 2126 res
752 2066 925 2129 eommunis
952 2067 1034 2131 inter
1053 2090 1174 2154 eorpus
1195 2083 1228 2137 et

117 2178 298 2250 animum
320 2172 363 2236 sio
386 2173 479 2235 etiam
502 2181 621 2253 practer
642 2191 766 2232 sensum
795 2191 907 2254 eorpus
929 2174 1026 2236 multa
1047 2176 1147 2259 perdit
1166 2180 1226 2244 rita

117 2294 288 2368 pereunte,
317 2303 343 2344 r.
365 2301 393 2343 c.
423 2279 584 2353 colorem,
611 2275 758 2359 quoniam
786 2299 848 2341 non
880 2289 944 2341 erat
972 2279 1065 2343 solius
1091 2285 1227 2368 corporis

117 2381 313 2475 proprium.’'
361 2385 527 2468 Superest,
551 2389 594 2447 'ut
623 2382 725 2446 dicam
757 2405 830 2448 cum
866 2385 1103 2472 Horeroampio,
1137 2411 1226 2454 versu

118 2499 182 2560 359
214 2516 277 2558 esse
303 2489 472 2579 legendum
502 2511 638 2566 aarum,
672 2489 756 2574 quod
789 2502 870 2554 reete
901 2493 1021 2556 monuit
1052 2494 1227 2580 significare

117 2603 244 2676 eitum,
266 2598 312 2662 uti
334 2609 365 2661 et
391 2618 477 2660 rersn
502 2594 715 2680 praecedente.
764 2591 854 2658 Aeas
881 2597 1030 2662 facillime
1052 2601 1171 2665 transiit
1192 2602 1227 2667 in

116 2728 211 2783 uero,
241 2705 353 2768 lineola
381 2703 501 2768 omissa.
547 2703 662 2766 Eadem
690 2702 809 2766 ratione
835 2724 876 2767 rs.
902 2705 967 2767 392
991 2715 1122 2790 uterque
1149 2707 1226 2774 Vos-

116 2816 236 2894 sianus,
257 2810 346 2875 Bodl.
370 2808 486 2874 habent
507 2807 623 2871 eieredo
645 2831 701 2893 pro
723 2807 899 2884 ciendum,
927 2810 1010 2895 quod
1039 2813 1226 2896 requiritur,

115 2919 166 2984 sed
192 2917 336 2981 librarius
363 2937 429 2980 non
457 2916 557 3000 potuit
579 2916 746 2980 conciliare
773 2935 847 2978 eum
870 2917 1046 2981 accusativo
1064 2917 1176 2982 multo
1195 2931 1227 2985 et

116 3025 189 3088 bine
215 3022 361 3086 lineolam
388 3044 450 3085 non
481 3021 652 3105 descripsit.
704 3021 789 3084 Haud
810 3043 890 3107 nego
911 3023 1056 3106 equidem
1080 3025 1226 3090 ultimum

117 3133 201 3196 hune
223 3152 366 3206 versum,
388 3129 441 3214 qui
465 3127 571 3193 doe'rat
589 3129 620 3191 in
643 3127 752 3191 codiee
774 3129 943 3204 Vaticano,
972 3150 1034 3192 non
1054 3132 1227 3196 necessario

116 3238 250 3324 requiri,
270 3248 299 3300 et
320 3235 357 3300 ad
379 3234 587 3318 objectionem
607 3255 711 3297 versus
732 3231 823 3320 (357)
847 3246 919 3318 apte
938 3255 1001 3297 uno
1024 3257 1111 3300 rersu
1131 3235 1225 3325 (358)

116 3343 313 3428 responderi,
347 3342 398 3405 sed
427 3361 525 3425 quum
551 3340 583 3403 in
611 3341 719 3404 ceteris
747 3341 890 3404 omnibus
920 3340 1004 3403 libris
1028 3353 1058 3404 ot
1082 3343 1225 3408 Lambini

116 3461 146 3513 et
170 3448 270 3515 Vossii
300 3448 492 3522 inveniatur,
525 3467 627 3530 neque
647 3447 785 3532 quaestio
816 3468 882 3510 esse
901 3446 1010 3532 possit,
1037 3448 1113 3533 qnid
1136 3471 1226 3534 prse-

116 3556 284 3619 termittere
313 3555 468 3638 potuerit
499 3554 547 3616 vel
576 3551 668 3616 etiam
695 3553 809 3618 rectius
840 3551 995 3617 debuerit
1020 3563 1132 3640 potita,
1172 3555 1225 3621 sed

115 3661 191 3746 qnid
217 3683 323 3745 reapse
353 3662 553 3744 scripserit,
588 3660 672 3723 bunc
702 3682 822 3724 versum
853 3661 946 3724 satius
982 3661 1040 3724 erit
1076 3662 1223 3740 retinere,

115 3767 158 3840 si,
195 3767 277 3852 quod
310 3767 451 3851 probasse
490 3766 564 3829 mibi
608 3765 729 3842 videor,
770 3765 939 3851 Forbigero
971 3778 1123 3853 negante,
1162 3790 1225 3834 non

116 3885 234 3937 tantum
273 3895 335 3937 non
371 3873 480 3936 miram
508 3873 560 3936 sed
592 3883 623 3936 et
655 3871 846 3956 probabilem
881 3871 990 3936 habeat
1030 3874 1224 3941 sententiam.

113 3979 227 4045 Critica
256 3980 338 4042 enim
366 4001 428 4043 non
453 3981 581 4066 castigat
601 3981 805 4064 scriptorem
831 3977 882 4043 sed
905 3981 1084 4064 seriptum.

163 4087 199 4161 3,
220 4086 296 4150 401.
342 4085 426 4150 Libri
446 4107 551 4151 omncs
573 4085 714 4150 videntur
736 4085 849 4150 babere
860 4084 991 4171 focile,
1015 4087 1061 4150 uti
1082 4099 1112 4152 et
1132 4089 1225 4153 verba

112 4189 272 4274 Forbigeri
295 4191 476 4258 involvunt:
501 4191 772 4257 »Wakefieldium
800 4213 836 4255 ex
863 4191 1006 4258 codicum
1032 4191 1111 4277 (sino
1129 4192 1226 4258 dubio

112 4297 189 4362 blus.
206 4297 287 4360 Poor
308 4309 372 4364 ete.
395 4298 578 4364 deterrimae
597 4297 701 4385 notae)
715 4301 879 4387 vestigiis
895 4298 1060 4363 restituisse
1074 4296 1224 4384 focul3”

112 4401 230 4465 Nouius
255 4405 484 4489 antiquissimos
506 4407 611 4470 laudat
638 4407 817 4492 scriptores,
851 4404 1006 4482 Ennium,
1033 4405 1222 4484 Pacuvium,

111 4506 287 4586 Lucilium,
317 4511 491 4602 Varronem
522 4513 635 4590 etiarn,
662 4512 712 4579 sed
732 4513 802 4597 quis
838 4511 936 4576 nescit
959 4509 1066 4588 hune,
1088 4522 1123 4575 ut
1143 4513 1223 4577 anti·
