2920 5044
766 354 813 419 ¹12

228 557 283 623 sed
318 577 355 620 es
385 554 451 620 766
469 551 538 614 &7
561 551 654 634 pleno
685 547 873 611 contrariam
906 568 971 611 csse
995 549 1131 614 Lucretii
1153 555 1346 616 sententiam

228 675 324 750 petet.
373 660 537 725 Materies
574 656 634 720 echi
650 656 825 740 permista
856 665 915 716 etc.
948 667 1034 718 arcte
1068 668 1141 720 sunt
1173 658 1346 744 jungenda
1446 695 1447 704 κ

228 792 302 835 cum
325 764 547 852 sequentibus,
568 773 598 826 et
624 761 666 824 ite
692 770 737 822 est
760 757 1052 842 interpretandum:
1074 760 1184 824 dicere
1201 764 1347 847 poerit,

228 878 393 962 nigrum,
437 868 526 957 quod
566 889 661 951 caepe
697 864 845 942 uidemur
881 861 1015 951 (seilicet
1045 868 1227 931 coeruleum
1258 863 1363 952 est),·
1446 877 1447 936 t

228 1002 325 1046 more
372 979 528 1040 continuo
569 973 638 1037 tale
672 971 775 1057 ficri,
819 982 859 1034 ut
907 970 1023 1036 album
1061 972 1237 1052 videatur,
1260 974 1346 1038 'nbc'
1446 1021 1447 1038 2

228 1088 375 1152 materia
403 1085 477 1170 q‘ur
499 1093 548 1145 ert
570 1081 761 1165 permixta.

277 1191 514 1270 raetoeo.
563 1187 677 1250 Sensus
698 1195 761 1248 est:
792 1183 817 1246 si
843 1205 879 1245 ex
903 1183 993 1246 variis
1019 1183 1127 1268 figuris
1152 1185 1345 1272 quadratum
1446 1237 1447 1248 ,

231 1298 413 1382 componis,
461 1293 626 1359 dissimiles
659 1290 717 1355 hee
759 1290 881 1374 figurae
919 1309 981 1354 non
1018 1291 1140 1354 obstent
1172 1292 1344 1378 quominus

197 1446 202 1457 ·
232 1425 326 1471 omne
358 1412 443 1466 extre
481 1397 514 1484 (i.
554 1421 582 1462 e.
618 1409 681 1461 tote
704 1407 849 1464 ‚externe
889 1396 1027 1479 species,
1067 1417 1162 1482 quom
1193 1418 1237 1464 vs.
1275 1401 1343 1464 787

138 1495 140 1505 Α
232 1519 322 1573 vocat
342 1528 396 1570 ree
419 1499 503 1588 tote)
527 1505 565 1566 sit
588 1502 787 1590 quadratum.
835 1501 902 1565 Hoc
926 1499 1037 1565 moneo
1064 1514 1171 1566 contra
1200 1504 1339 1568 eliorum

233 1615 347 1679 melem
376 1611 679 1694 interpretationem.

279 1721 311 1796 2,
325 1720 403 1784 803.
451 1718 557 1797 Quum
589 1716 696 1799 optimi
727 1713 851 1778 codices
880 1713 975 1776 aliae
1008 1713 1173 1803 videantur
1203 1713 1342 1790 hebere,

232 1823 314 1889 iilud
347 1823 546 1898 restituatur,
572 1821 657 1908 quod
682 1832 713 1883 et
736 1821 900 1883 meliorem
935 1829 964 1882 et
993 1820 1180 1903 apertiorem
1213 1821 1344 1904 praebet

233 1949 357 1994 sensum
388 1949 483 2014 quem
506 1927 581 1990 atie
609 1922 769 2013 (ratione).

279 2036 400 2110 2,815.
448 2032 499 2094 Ob
525 2055 571 2097 vs.
603 2034 669 2096 818
693 2033 831 2094 eoturc'
857 2029 979 2093 coloris
1014 2029 1119 2094 metim
1149 2031 1256 2116 legere
1285 2053 1338 2094 co·
1446 2043 1447 2090 t

235 2139 325 2216 lorc3
354 2136 408 2201 sed
443 2159 506 2201 non
537 2138 614 2200 tenti
646 2149 702 2203 est.

277 2247 309 2321 2,
323 2245 401 2309 831.
448 2242 599 2329 Forbiger
634 2242 875 2318 distroctu'et3
906 2241 989 2328 quod
1021 2240 1156 2306 videtur
1192 2253 1341 2328 tanquam

229 2351 416 2415 distractus
433 2360 482 2414 cet
501 2351 657 2435 posuisse;
683 2348 737 2413 sed
755 2349 835 2412 dnae
855 2349 998 2412 elisiones
1019 2347 1200 2413 dictractu’
1222 2360 1252 2413 et
1271 2348 1340 2411 'eti

230 2479 291 2521 nee
315 2459 401 2520 color
436 2456 637 2535 distrahitur,
659 2457 713 2521 sed
735 2455 791 2532 id,
822 2454 907 2541 quod
938 2457 1025 2518 color
1050 2456 1153 2542 tingit.
1202 2457 1336 2538 Legetnr
1446 2463 1447 2468 ’

231 2583 307 2648 crgo
337 2584 414 2650 cum·
441 2562 615 2628 Vossionis:
646 2562 898 2625 distructum’et
920 2561 984 2624 sive
1003 2560 1212 2624 distractum
1234 2571 1291 2625 ert.

277 2669 308 2742 2,
322 2670 400 2732 848.
448 2668 553 2747 Quum
576 2668 717 2732 Voseieni
756 2666 918 2731 videantur
947 2665 1068 2730 hebere
1110 2667 1247 2742 halent,
1280 2665 1341 2730 hoc

231 2772 447 2858 reponendum
476 2785 571 2858 putn;
603 2776 665 2861 qui
696 2775 779 2837 enim
806 2786 869 2838 tam
907 2773 946 2837 ad
985 2774 1149 2858 liquorem
1178 2793 1271 2860 quam
1297 2771 1338 2836 ad
1446 2801 1447 2808 ¹

221 2877 349 2964 florem
376 2879 520 2946 refertur.

279 2968 400 3046 2,872.
447 2969 564 3033 Iterum
598 2969 788 3033 monendum
822 2982 866 3034 est
900 2967 1061 3034 codicibus
1092 2968 1247 3035 Vossienis
1272 2989 1339 3032 osee

232 3076 381 3140 maiorem
410 3076 627 3140 auctoritatem
660 3075 685 3138 si
716 3075 749 3137 in
782 3075 902 3172 mediis·
932 3075 1090 3140 vocabulis
1133 3075 1252 3161 aliquid
1282 3073 1340 3138 ed-

133 3227 135 3231 ·
232 3179 331 3256 dent,
351 3203 447 3265 qnam
467 3183 491 3246 si
525 3179 700 3246 detrahant.
750 3183 893 3257 Etenim,
925 3181 1079 3246 sexcentis
1116 3181 1149 3244 in
1180 3180 1277 3258 locis,
1311 3181 1341 3242 Y

232 3296 264 3350 et
291 3286 473 3368 praesertim
512 3288 535 3348 Z
564 3287 753 3352 lectionibus
776 3289 853 3356 ,suis
892 3286 1063 3351 ostendunt
1095 3308 1128 3350 se
1169 3285 1341 3370 descriptos

230 3412 297 3454 esse
322 3412 359 3454 ex
391 3390 500 3454 codice
526 3413 582 3474 per
611 3392 834 3477 compendium
854 3394 992 3476 scripto,
1015 3392 1164 3479 idemque
1184 3391 1340 3455 affirmare

231 3495 305 3560 lieet
335 3495 374 3562 de
408 3495 552 3580 Gottorp.
579 3498 767 3582 fragmento.
817 3498 909 3579 Quod
938 3500 1036 3583 igitur
1070 3499 1153 3563 solus
1183 3499 1212 3560 Y
1245 3495 1339 3560 habet

226 3614 422 3687 putrorem3
442 3601 652 3688 Zputorem,
675 3625 739 3668 non
753 3605 852 3668 obstet
873 3604 1042 3691 quominus
1062 3607 1202 3690 legemus
1215 3615 1339 3688 petro-

232 3729 315 3773 rem.
365 3711 430 3774 Nee
452 3732 558 3774 sensus
574 3721 732 3794 pretorem
761 3713 934 3795 permittit:
950 3723 1057 3795 putor
1082 3713 1164 3775 enim
1196 3721 1242 3776 est
1271 3710 1343 3773 ioe-

233 3826 303 3891 tor,
333 3817 433 3880 meins
459 3817 553 3893 odor,
576 3819 663 3893 olor,
683 3813 844 3894 δυσωδία,
871 3839 898 3882 v.
922 3839 953 3902 g.
977 3816 1026 3904 (ut
1047 3819 1152 3882 locum
1174 3817 1336 3903 quielium

233 3941 356 3984 sensum
380 3943 442 3986 non
462 3923 620 4006 permittet
641 3919 782 4006 efferam)
809 3923 930 3988 Amob,
963 3936 1064 3990 contr.
1097 3933 1206 4009 gentes
1237 3925 1273 3996 7,
1306 3941 1337 4003 p.

234 4022 317 4087 222:
352 4027 485 4090 »sintne
511 4026 568 4090 diis
599 4028 630 4089 in
658 4028 818 4109 voluptate
854 4039 1001 4110 putores,
1031 4051 1110 4115 qnos
1147 4050 1251 4114 nequo
1282 4027 1338 4110 ipsi

235 4129 443 4196 sacrificantes
478 4132 559 4195 terre
603 4153 662 4196 nee
700 4133 858 4218 ingenuae
886 4136 1037 4200 sustinere
1075 4145 1190 4200 tractos
1220 4135 1339 4198 valeant

234 4238 454 4320 perspiritum
478 4227 602 4306 neres.'’
633 4238 721 4304 ldem
746 4240 842 4304 estin
857 4251 998 4324 putere,
1026 4238 1188 4325 putidus,
1207 4235 1334 4324 putide.

234 4337 275 4404 At
304 4361 377 4404 vero
405 4356 488 4426 potet
518 4343 572 4410 hio
602 4365 664 4410 non
692 4347 800 4432 quaeri
831 4345 871 4410 do
892 4356 971 4410 tetro
997 4345 1110 4423 odore,
1133 4345 1193 4410 sed
1212 4345 1252 4410 do
1282 4365 1338 4428 pn·

234 4444 374 4513 trodiue:
398 4471 444 4514 nes
468 4453 551 4518 enim
579 4452 751 4537 putrefacte
780 4473 898 4518 vermes
930 4452 1090 4537 producit,
1127 4473 1191 4516 non
1223 4451 1248 4515 si
1273 4449 1336 4534 jem
