2920 5044
653 363 700 427 db

123 561 204 626 male
238 555 323 622 olere
367 555 516 639 incipiat;
554 555 597 650 ita
645 551 811 620 adhibetur
853 559 884 620 in
926 560 1019 624 simili
1059 563 1129 626 loco
1164 564 1232 629 898

114 672 323 754 putrefacto.
379 662 479 728 Etiam
510 682 552 728 vs.
592 662 658 725 929
700 682 736 726 ex
789 665 973 730 auctoritate
1011 668 1234 734 Vossianorum

116 782 244 857 putrer·
272 767 454 856 legendum.

170 881 201 955 2,
215 878 382 942 907-918.
423 874 524 940 Versu
545 876 611 938 909
640 885 725 938 recte
745 875 896 961 Forbiger
934 898 970 942 cx
1000 878 1162 944 codicibus
1187 902 1236 943 ro·

123 984 246 1050 vocavit
277 981 428 1058 similer,
461 978 515 1043 sed
548 1000 713 1064 perperam
748 981 956 1068 subintelligit
984 997 1147 1063 ¹auersos,
1185 1007 1237 1049 re·

125 1094 202 1156 nas”
233 1111 270 1152 ex
293 1110 349 1150 vsu
370 1090 453 1162 905,
483 1086 515 1148 in
538 1106 602 1171 quo
631 1106 730 1171 quum
761 1095 853 1170 potita
875 1087 968 1153 addat
989 1104 1008 1152 t>
1023 1091 1235 1166 visceribus,”

126 1194 202 1283 quid
233 1192 397 1258 absurdius
430 1213 526 1277 quam
553 1203 664 1275 putare
696 1191 885 1275 adjectivum
908 1197 1074 1260 masculini
1105 1209 1159 1262 aut
1190 1198 1238 1260 fe·

126 1301 238 1365 minini
262 1298 385 1384 generis
420 1291 561 1385 (similes)
595 1297 705 1362 referri
736 1297 775 1361 ad
807 1301 947 1365 omnium
978 1323 1129 1388 generum
1164 1304 1238 1366 sub

128 1406 269 1472 slantira.
317 1407 454 1487 Nempe,
476 1401 592 1467 simite
613 1403 773 1480 scribens,
804 1414 897 1488 polita
925 1407 958 1471 in
991 1409 1095 1472 animo
1126 1407 1237 1472 habuit

122 1523 263 1597 portes,
294 1510 379 1597 quod
412 1509 557 1596 sequenti
590 1530 681 1574 versu
712 1511 827 1592 posuit.
875 1512 1001 1576 Viscera
1021 1514 1125 1590 enim,
1159 1507 1237 1577 ner-

127 1619 179 1692 vi,
209 1639 305 1680 rcnac
338 1627 411 1681 sunt
440 1627 542 1700 partes
570 1615 791 1701 cujuscunque
829 1617 991 1682 animalis:
1033 1618 1091 1682 hae
1132 1631 1236 1684 autem

123 1723 171 1788 ita
199 1723 357 1798 sentiunt,
394 1734 431 1786 ut
458 1734 512 1785 aut
541 1720 599 1786 sibi
629 1723 792 1805 proprium
825 1720 960 1788 babeant
998 1745 1122 1788 sensum
1149 1721 1238 1810 (sen-

129 1851 198 1894 sum
229 1823 357 1912 partis),
400 1838 454 1892 aut
483 1826 597 1890 similes
630 1827 691 1890 sint
723 1827 798 1890 totis
835 1829 1021 1892 animalibus
1051 1841 1082 1892 et
1112 1851 1238 1894 sensum

128 1934 262 2000 eundem
294 1931 449 2009 babeant,
476 1915 664 2018 quo'totum
698 1933 813 1997 animal
835 1933 963 2019 gaudet.

174 2041 272 2104 Recte
295 2050 455 2123 praeterea
487 2038 637 2123 liorbiger
666 2060 709 2105 rs.
740 2039 803 2101 211
849 2040 927 2126 legit
957 2061 1030 2104 cum
1062 2042 1104 2103 Z:
1137 2063 1237 2104 nam-

131 2168 194 2233 que
218 2145 309 2209 alios
338 2167 454 2208 sensus
475 2143 702 2208 membrarum
728 2145 863 2228 respuit
890 2149 1019 2223 omnia,
1048 2168 1108 2210 nec
1133 2159 1237 2212 tamen

131 2249 277 2333 dignatus
307 2261 353 2315 est
389 2251 495 2316 locum
524 2249 693 2314 obscurum
728 2250 896 2334 explicare.
954 2252 1103 2331 Quamvis
1132 2263 1237 2317 autem

130 2356 319 2432 Lambinus,
346 2356 437 2420 aliter
476 2357 605 2442 legens,
636 2378 653 2418 a
695 2377 749 2420 sua
783 2357 990 2446 explicatione
1022 2344 1237 2422 dissentientes

127 2459 319 2547 μαίνεσθαι,
340 2461 494 2527 ’τυάὶοιιΙο
530 2462 579 2524 vel
619 2461 711 2524 etiam
752 2462 906 2540 ridicule,
941 2464 1139 2545 pronuntiet,
1176 2486 1236 2550 ego

129 2589 193 2632 non
222 2589 347 2632 ornnem
368 2569 508 2632 furorem
536 2589 601 2632 esse
625 2567 838 2651 spernendum
874 2590 911 2632 ex
953 2569 1083 2634 Platone
1118 2571 1237 2648 sciens,

129 2675 175 2739 sio
208 2685 316 2738 contra
345 2675 529 2737 Lambinnm
559 2684 727 2738 construo:
759 2696 832 2740 nam
872 2696 979 2741 sensus
1009 2678 1109 2741 omnis
1139 2698 1239 2741 mem·

129 2781 280 2855 brorum,
313 2780 335 2843 i.
358 2801 386 2842 e.
410 2779 543 2844 totalitas
573 2801 700 2857 sensus,
727 2781 846 2864 respuit
872 2781 947 2844 alios
973 2779 1003 2867 (a
1023 2802 1057 2843 se
1080 2781 1237 2858 diversos,
1263 2775 1265 2783 ¹

129 2907 187 2970 per
211 2906 244 2948 se
266 2882 452 2970 exstantes);
479 2905 539 2948 nec
567 2883 697 2960 dubito,
723 2886 801 2971 quin
833 2884 892 2950 bac
928 2887 962 2948 in
1001 2907 1109 2951 caussa
1125 2875 1239 2952 'leolo-

130 3004 213 3056 tores
246 3011 319 3056 cum
339 2991 473 3074 parvulo
501 2990 612 3055 borum
644 3002 774 3056 auctore
795 2991 900 3056 furere
922 3012 1016 3077 quam
1034 3011 1107 3056 cum
1125 3013 1239 3079 magno

128 3098 279 3162 Lambino
309 3118 417 3180 sapere
438 3098 558 3163 malint.

177 3202 364 3280 2‚919-23.
413 3201 538 3267 Difficili
568 3200 722 3266 hocloco
762 3203 883 3283 iterum,
916 3201 1095 3288 iterumque
1136 3204 1239 3283 lecto,
1290 3213 1292 3216 ’

133 3308 270 3384 relecto,
297 3308 466 3393 animoque
509 3319 649 3384 versato,
674 3329 773 3372 unum
796 3307 991 3373 Gassendum
1011 3304 1083 3393 (nec
1106 3309 1239 3386 mirum,

132 3414 188 3500 qui
221 3424 323 3478 tantus
353 3413 449 3478 inerit
479 3409 538 3496 vir)
574 3413 661 3478 rideo
696 3435 820 3478 sensum
850 3415 912 3480 loci
952 3415 1163 3500 perspexisse,
1197 3417 1242 3482 sio

123 3501 362 3605 explicantem:
394 3521 498 3605 »quia
524 3520 600 3584 licet
627 3519 831 3583 admittantur
868 3532 899 3583 et
930 3521 1017 3605 quasi
1041 3523 1188 3585 animalia
1211 3532 1243 3584 et

132 3624 319 3689 immortalia
355 3625 469 3702 simul,
513 3635 579 3690 tum
622 3626 746 3689 nullum
785 3624 988 3702 animalium,
1031 3625 1136 3709 qualia
1175 3625 1241 3708 jam

133 3730 298 3805 visuntur,
330 3729 418 3813 gigni
445 3729 585 3814 poterit,
628 3731 676 3793 sui
707 3730 827 3794 scilicet
872 3729 1013 3814 generis,
1053 3731 1242 3798 coalitumre

132 3835 166 3900 in
193 3855 288 3900 unam
319 3835 476 3920 speciem:
511 3835 566 3900 sed
606 3856 735 3900 acervus
777 3835 974 3900 solummodo
1009 3847 1040 3900 et
1078 3836 1243 3923 congeries

132 3941 291 4008 rariorum
318 3941 617 4008 animalculorum.”
665 3942 750 4006 Haec
784 3963 923 4006 summus
950 3941 1006 4008 ille
1034 3942 1103 4019 vir,
1137 3965 1242 4031 neque

133 4046 210 4112 huic
230 4047 427 4112 subscribere
452 4048 536 4113 nllus
561 4045 693 4125 dubito,
726 4068 826 4132 quum
852 4059 883 4110 et
913 4068 1009 4112 nexus
1046 4069 1118 4114 cum
1150 4072 1242 4134 supo-

135 4151 272 4216 rioribus
302 4164 332 4215 et
362 4152 438 4216 ordo
466 4154 665 4238 sequentium
685 4165 793 4237 aperte
825 4153 916 4218 illum
940 4175 1064 4218 sensum
1089 4155 1242 4239 requirat.

132 4258 274 4342 Nempe,
299 4257 388 4345 parad
408 4270 447 4321 ut
464 4261 617 4343 possint,
645 4281 688 4326 rs.
713 4261 801 4335 920,
823 4260 956 4326 refertur
980 4258 1019 4322 ad
1045 4281 1101 4323 rss.
1123 4260 1243 4327 916'&

137 4365 196 4426 17:
217 4375 378 4447 poterunt
398 4386 514 4430 rerum
537 4365 736 4449 primordio
764 4364 836 4430 dtas·
857 4377 888 4427 et
916 4364 976 4428 tora·
996 4365 1107 4428 or'tore
1143 4369 1241 4444 vicar

132 4479 163 4534 et
193 4466 225 4534 in
254 4471 477 4557 sequentibus,
512 4492 555 4538 rs.
580 4473 667 4550 924,
699 4493 751 4540 ecs
780 4472 894 4540 refutat
925 4477 1033 4554 poeta,
1069 4472 1125 4556 qui
1154 4493 1240 4539 croa-
