2920 5044
736 1059 756 1095 1
855 1085 860 1095 .

479 1227 939 1374 nnouusro,

144 1586 349 1639 CONTINENS
386 1587 569 1648 QUAEDAM
603 1588 652 1636 DE
688 1585 910 1638 LINGUARUM
941 1586 1253 1658 LITERARUMQUE,

226 1769 265 1818 m
299 1735 581 1837 msrmurmisn,
617 1768 705 1836 usu,
721 1836 724 1846 η
741 1766 866 1828 annun
895 1766 1069 1818 uuonann
1094 1767 1169 1818 noo

327 1946 469 1997 noman
496 1945 704 2021 annianum
730 1910 1062 1998 communnmonn.

183 2746 275 2828 lnter
302 2781 406 2824 omnes
428 2759 490 2821 lere
524 2757 667 2820 convenit
687 2756 725 2820 ad
749 2757 990 2824 adolescentium
1010 2761 1248 2840 institutionem,

137 2878 240 2932 nostro
260 2877 341 2931 certe
365 2877 521 2949 tempore,
558 2863 675 2925 nullam
698 2883 734 2924 ex
762 2885 864 2926 rernm
897 2865 1070 2930 divinarum
1098 2866 1251 2930 bumana·

137 2996 269 3060 rumque
291 2972 411 3036 ambitu
434 2968 615 3055 cognitionis
637 2971 796 3032 materiam
819 2972 965 3056 ampliora
990 2984 1083 3058 atque
1105 2973 1249 3037 tractabi-

135 3080 216 3143 libus
235 3079 342 3142 animis
363 3078 477 3162 aptiora
501 3075 646 3160 praebere
668 3075 847 3150 commoda,
869 3099 966 3162 quam
986 3079 1163 3162 linguarum
1183 3089 1248 3141 stu·

134 3186 221 3250 dium
239 3194 434 3258 accuratum,
450 3180 559 3266 idque,
578 3180 617 3243 ab
635 3181 793 3243 elementis
809 3183 913 3265 primis
933 3204 1030 3270 usque
1048 3183 1086 3246 ad
1106 3205 1247 3248 summo·

135 3314 205 3356 rum
234 3293 346 3376 ligatae
379 3289 558 3372 solutasque
591 3287 732 3349 orationis
761 3308 888 3372 operum
917 3290 1102 3366 lectionem,
1125 3293 1246 3374 penitus

133 3381 309 3461 tractatum.
356 3394 462 3475 Quum
494 3403 628 3479 quatuor
654 3393 713 3455 sint
737 3395 901 3478 praecipue
918 3397 1022 3479 scopi,
1046 3417 1180 3481 quorum
1199 3409 1247 3462 at-

134 3503 351 3588 tingendorum
376 3501 470 3587 gratia
504 3500 627 3584 linguae
659 3520 713 3562 seu
743 3510 856 3562 veteres
879 3521 930 3563 sen
957 3503 1137 3564 recentiores
1159 3503 1245 3567 addi·
1287 3557 1291 3568 .

133 3619 271 3688 scantur;
296 3599 412 3693 quippo
442 3627 542 3692 quae,
566 3616 620 3667 aut
642 3603 678 3667 ad
700 3605 871 3689 practicam
892 3627 982 3669 usum
1009 3619 1243 3692 comparentur,

133 3726 169 3779 ut
189 3717 222 3778 in
243 3723 414 3777 mercatura
434 3733 462 3774 v.
486 3733 535 3790 c.;
567 3722 621 3774 aut
645 3709 682 3774 ad
706 3710 917 3796 cognoscenda
938 3710 997 3775 bac
1017 3711 1107 3775 illave
1136 3713 1244 3799 lingua

132 3822 243 3906 scripta
276 3841 386 3904 opera,
416 3820 462 3881 uti
490 3820 522 3880 in
550 3818 714 3880 liberaliter
739 3819 877 3880 instituto
909 3801 1047 3882 accidere
1068 3819 1163 3896 solet,
1187 3823 1243 3906 qui

130 3925 380 4009 Sbakspcrii
416 3946 443 3987 v.
477 3943 505 3986 c.
538 3922 658 4007 legendi
690 3924 787 4008 gratia
820 3921 982 4008 Anglicam
1017 3923 1144 3987 addiscit
1178 3926 1242 3990 lin-

131 4052 243 4117 guam;
268 4030 314 4092 vel
339 4028 377 4093 ad
401 4020 672 4119 φιλοσοφώτερον
694 4051 785 4092 nsum
810 4029 1084 4114 comparandarum
1109 4029 1189 4094 inter
1209 4053 1240 4097 se

127 4126 303 4222 linguarum
331 4145 361 4198 et
389 4134 540 4220 cujusque
562 4125 686 4218 legum,
709 4139 755 4199 uti
778 4135 935 4222 philologo
958 4159 984 4201 v.
1005 4157 1034 4199 c.
1060 4139 1238 4221 contingere

125 4243 200 4305 solet
229 4242 307 4327 qui,
339 4251 375 4303 ut
403 4240 553 4323 originem
581 4241 775 4324 maximeque
802 4250 836 4302 ut
861 4241 1076 4325 etymologiam
1103 4234 1260 4307 Graecae

122 4349 247 4433 linguae
275 4348 401 4411 interius
437 4357 624 4431 cognoscat,
652 4345 691 4408 ad
721 4346 935 4410 Sanscriticam
966 4367 997 4410 se
1020 4347 1157 4432 linguam
1179 4371 1238 4434 ap-

120 4454 235 4538 plicat,
261 4454 328 4526 rel,
351 4463 387 4515 nt
408 4451 533 4535 linguae
558 4450 683 4516 Latinae
706 4452 867 4516 obscuram
889 4452 1049 4536 investiget
1071 4451 1235 4538 originem,

1033 4559 1047 4617 l
