2874 5048
730 300 776 364 te

203 501 318 586 coique
334 496 457 572 corpori
478 493 589 558 naturai
609 493 753 567 insitam,
779 513 859 577 qua,
885 491 1051 579 quodque,
1070 495 1211 580 quamvis
1236 515 1315 578 per-

202 607 344 679 culsum,
371 623 388 664 u
400 601 459 664 nisi
490 597 639 684 grandior
663 597 758 662 fuerit
782 598 882 671 ictus,
913 620 1008 684 quam
1033 611 1143 664 natura
1177 601 1316 684 patiatur

205 711 260 798 (rs.
288 713 355 776 944
376 703 484 789 et),
517 726 549 767 se
582 704 677 787 possit
720 704 884 767 restituere
923 715 954 767 et
987 705 1126 769 illaesam
1170 718 1315 772 naturam

170 803 173 810 ⁸
203 836 409 901 recuperare,
437 813 493 876 tria
518 809 594 874 rnibi
624 809 768 873 ridentur
799 811 984 895 corrigenda
1009 813 1122 894 partim
1147 813 1188 876 ob
1214 815 1313 898 scrip·

202 935 304 988 turam
328 921 487 994 codicum,
514 918 628 1001 partim
653 917 694 980 ob
717 938 853 982 sensum.

250 1029 353 1092 Primo
378 1026 474 1112 igitur
499 1047 542 1089 rs.
569 1027 657 1098 955,
684 1021 827 1084 omnibus
849 1022 915 1084 fero
946 1021 1107 1086 codicibus
1134 1021 1187 1108 (de
1210 1025 1234 1086 Z
1264 1036 1314 1089 ta·

206 1145 256 1199 cet
288 1127 435 1220 llorere.)
469 1129 600 1216 reliqui
634 1126 869 1204 exhibentibus,
907 1126 966 1191 hoc
1004 1129 1124 1194 ridetur
1162 1152 1318 1215 reponen-

206 1239 302 1317 dum,
323 1260 379 1322 per
406 1236 560 1302 diaeresin
585 1232 780 1310 adhibitum,
812 1235 859 1298 uti
881 1234 1002 1298 relicuo
1021 1257 1064 1300 rs.
1100 1240 1217 1316 1,560;
1242 1237 1317 1302 reli-

205 1367 279 1410 cuas
303 1346 418 1422 4,977;
445 1345 488 1406 ita
506 1353 541 1406 ut
562 1341 685 1404 vitalio
704 1341 859 1403 scribatur
882 1340 1014 1405 vitales.
1062 1342 1210 1421 Quamvis
1232 1345 1317 1407 enim

206 1451 378 1536 reliquiae
405 1469 530 1511 sensum
554 1446 703 1509 idoneum
730 1457 884 1529 praestet,
914 1467 1015 1532 aeque
1049 1457 1152 1511 tamen
1181 1449 1315 1535 reliqui

207 1560 228 1624 i.
252 1579 280 1622 ε.
314 1554 368 1628 id,
402 1553 487 1641 quod
515 1552 650 1616 motibus
672 1553 816 1617 vitalibus
845 1552 1002 1637 reliquum
1031 1565 1096 1629 est,
1123 1555 1168 1618 uti
1193 1556 1224 1617 in
1247 1577 1318 1620 sex·

208 1664 306 1730 centis
332 1662 418 1736 aliis,
440 1684 468 1726 v.
493 1682 521 1725 ε.
555 1659 675 1744 reliqua
702 1659 761 1722 rita
784 1659 806 1722 i.
832 1680 859 1723 e.
885 1657 970 1742 quod
1001 1681 1038 1722 ει
1062 1659 1122 1723 rita
1159 1661 1318 1748 reliquum
1425 1683 1426 1696 ¹

210 1781 266 1836 est.

254 1873 420 1948 Secundo,
445 1894 488 1938 rs.
515 1871 747 1954 coniugentes
775 1869 920 1953 displicet
947 1870 1027 1933 illud
1062 1873 1233 1958 ingentes,
1262 1895 1318 1937 ne-

210 2003 271 2066 que
300 1981 334 2042 in
363 1977 494 2063 gratiam
517 1975 597 2039 redit
624 1976 836 2058 explicatum:
861 1987 940 2038 utut
962 1977 1124 2062 ingentes.
1171 1978 1316 2056 Scilicet,

210 2105 311 2148 sermo
333 2095 378 2148 cst
400 2080 439 2146 tle
473 2081 567 2144 »ictu
590 2081 692 2144 minus
717 2081 831 2144 acriter
855 2081 960 2145 oblato
990 2078 1047 2168 (rs.
1072 2079 1171 2168 954),
1197 2095 1227 2147 et
1248 2085 1317 2149 talis

209 2192 289 2256 ictus
316 2211 378 2253 non
412 2189 530 2273 profert
549 2189 701 2273 ingentes
727 2187 904 2263 tumultus,
928 2188 1047 2273 quippe
1075 2187 1189 2274 quibus
1211 2211 1318 2254 neces·

209 2298 289 2362 sario
320 2317 433 2378 corpus
469 2293 671 2369 dissolvatur,
696 2315 743 2359 rs.
765 2295 910 2358 944-53.
959 2293 1065 2357 Placet
1084 2306 1211 2372 contra,
1232 2295 1317 2382 quod

208 2402 366 2466 invenitur
381 2403 416 2464 in
439 2399 589 2468 Vossiano
610 2400 815 2464 vetustissimo
836 2395 904 2486 (t):
924 2401 1094 2487 ingenitor
1108 2401 1267 2488 plagoei.
1285 2423 1313 2470 ε.

209 2510 361 2573 tumultus
397 2509 508 2590 plagae
548 2507 711 2589 proprios,
744 2506 798 2592 qui
832 2528 869 2569 ex
906 2507 1020 2592 plagae
1052 2519 1163 2572 natura
1206 2529 1314 2572 conse·

210 2623 364 2698 quuntur.
633 2626 636 2633 '

253 2716 314 2781 Sed
346 2717 442 2803 magis
461 2716 605 2801 displicet
629 2738 673 2782 vs.
695 2717 779 2782 960:
803 2740 922 2803 quare,
943 2717 1012 2801 jam
1036 2717 1110 2781 inde
1128 2740 1146 2782 a
1165 2719 1315 2783 Lambino

208 2824 417 2909 explicatum:
447 2847 513 2910 quo
544 2823 620 2888 olio
651 2827 801 2900 ratione,
833 2846 915 2910 quae
960 2823 1125 2907 explicatio
1160 2825 1316 2911 quomodo

209 2930 284 2996 indo
310 2931 389 2994 elici
412 2931 527 3029 possit,
562 2952 613 2993 me
646 2931 766 2993 nescire
797 2930 955 3012 profiteor.
1018 2931 1122 2994 Malim
1150 2931 1314 3018 equidem,

209 3037 313 3102 demto
342 3036 596 3122 interrogationis
623 3036 733 3121 signo,
762 3047 831 3120 post
864 3039 929 3102 962
968 3037 1150 3101 emendare:
1177 3061 1318 3125 nomque

210 3145 271 3210 lroc
292 3165 350 3219 re,
372 3145 558 3227 pronomine
581 3143 635 3204 lrie
659 3163 733 3205 eum
762 3140 901 3225 emphasi
934 3144 1036 3225 posito
1065 3165 1138 3227 pro:
1163 3144 1224 3208 lroe
1245 3145 1315 3208 eolo

210 3251 360 3324 ratione,
393 3269 452 3311 nec
485 3249 619 3312 violenta
651 3260 697 3310 est
728 3245 806 3310 baec
836 3247 1029 3330 conjectura.

256 3357 288 3430 2,
304 3355 400 3421 1010.
450 3354 547 3418 Locus
573 3365 618 3418 est
641 3353 794 3441 difficilis,
820 3375 879 3417 nec
895 3355 1034 3437 profecto
1052 3355 1242 3421 satisfaciunt
1261 3376 1314 3432 ea,

211 3483 293 3547 quae
316 3459 355 3523 ad
387 3482 485 3546 perrea
520 3458 752 3525 defendendum
781 3484 798 3524 a
838 3461 984 3525 Turnebo
1013 3472 1043 3524 et
1071 3462 1221 3524 Lambino
1246 3473 1317 3525 sunt

210 3568 325 3644 allata;
352 3578 490 3632 attamen
516 3568 717 3632 temerarium
758 3567 877 3630 ridetur
915 3588 1039 3649 porum
1079 3567 1215 3631 scribere
1244 3585 1344 3632 conv

214 3685 259 3736 tra
300 3673 422 3737 codices
458 3672 535 3761 (Pii
576 3675 660 3738 enim
699 3674 772 3737 istos
816 3671 904 3736 nihili
943 3669 1060 3757 facio),
1095 3695 1153 3736 nec
1183 3694 1319 3737 commo·

212 3779 288 3844 dum
328 3792 372 3844 est
405 3778 456 3842 bic
496 3781 533 3842 do
574 3782 756 3846 aeternitate
788 3779 1013 3863 principiorum
1054 3779 1103 3863 agi
1140 3801 1222 3864 quae
1254 3779 1318 3862 jam

213 3897 281 3950 acta
306 3892 394 3950 'sunt
698 3971 701 3978 Α
949 3957 952 3964 ⁴

259 3991 497 4054 Praeterridisse
538 3991 616 4054 mibi
663 3990 806 4055 videntur
854 3994 1043 4075 interpretes·
1084 3991 1198 4077 »quod
1236 3989 1319 4054 ride·

213 4100 305 4164 mus''
326 4095 420 4160 fuisso
445 4095 662 4162 scribendum:
683 4095 804 4184 »qnod
837 4096 1029 4161 videamur”
1066 4097 1090 4160 si
1126 4099 1318 4182 acciperetur

212 4226 271 4288 pro
301 4225 405 4292 quom
424 4201 611 4279 videamus,
635 4216 688 4268 aut
710 4206 870 4290 quoniam
893 4203 1057 4282 videmur,
1081 4217 1211 4288 propter
1225 4223 1315 4287 prae-

213 4331 354 4398 gressum
384 4331 460 4373 ιιι-ιε
482 4321 602 4394 putre3
628 4321 658 4372 et
692 4312 832 4397 quamvis
859 4309 938 4376 baec
975 4333 1042 4375 rem
1074 4311 1106 4374 in
1133 4317 1226 4395 poeta
1256 4331 1315 4373 non

213 4418 380 4493 evincant,
403 4413 551 4482 videmus
572 4428 675 4482 tamen
692 4417 831 4486 offendit.
861 4480 863 4486 ,
879 4418 940 4484 Sed
959 4430 1059 4484 totum
1072 4418 1170 4483 alium
1195 4437 1315 4482 sensum
