<?xml version="1.0" encoding="UTF-8"?>
<!DOCTYPE html PUBLIC "-//W3C//DTD XHTML 1.0 Transitional//EN"
    "http://www.w3.org/TR/xhtml1/DTD/xhtml1-transitional.dtd">
<html xmlns="http://www.w3.org/1999/xhtml" xml:lang="en" lang="en">
 <head>
  <title>
</title>
<meta http-equiv="Content-Type" content="text/html;charset=utf-8" />
  <meta name='ocr-system' content='tesseract 3.04.00' />
  <meta name='ocr-capabilities' content='ocr_page ocr_carea ocr_par ocr_line ocrx_word'/>
</head>
<body>
  <div class='ocr_page' id='page_1' title='image "./dissertatiocrit00roosgoog_0078.png"; bbox 0 0 2874 5048; ppageno 0'>
   <div class='ocr_carea' id='block_1_1' title="bbox 631 349 679 412">
    <p class='ocr_par' dir='ltr' id='par_1_1' title="bbox 631 349 679 412">
     <span class='ocr_line' id='line_1_1' title="bbox 631 349 679 412; baseline 0 0"><span class='ocrx_word' id='word_1_1' title='bbox 631 349 679 412; x_wconf 76' lang='grc'><strong>65</strong></span> 
     </span>
    </p>
   </div>
   <div class='ocr_carea' id='block_1_2' title="bbox 88 541 1249 4007">
    <p class='ocr_par' dir='ltr' id='par_1_2' title="bbox 102 541 1218 1056">
     <span class='ocr_line' id='line_1_2' title="bbox 152 541 1216 626; baseline 0 -17"><span class='ocrx_word' id='word_1_2' title='bbox 152 554 191 626; x_wconf 87' lang='grc'><strong>3,</strong></span> <span class='ocrx_word' id='word_1_3' title='bbox 214 546 289 609; x_wconf 85' lang='grc'><strong>475.</strong></span> <span class='ocrx_word' id='word_1_4' title='bbox 336 542 441 607; x_wconf 82' lang='lat' dir='ltr'>Lectio</span> <span class='ocrx_word' id='word_1_5' title='bbox 459 541 697 608; x_wconf 83' lang='lat' dir='ltr'><strong>Vossionornm:</strong></span> <span class='ocrx_word' id='word_1_6' title='bbox 730 563 791 604; x_wconf 81' lang='lat' dir='ltr'><strong>eur</strong></span> <span class='ocrx_word' id='word_1_7' title='bbox 816 541 987 620; x_wconf 75' lang='lat' dir='ltr'><strong>bominis,</strong></span> <span class='ocrx_word' id='word_1_8' title='bbox 1018 544 1216 610; x_wconf 90' lang='lat' dir='ltr'><strong>distinctione</strong></span> 
     </span>
     <span class='ocr_line' id='line_1_3' title="bbox 103 635 1218 741; baseline -0.004 -22"><span class='ocrx_word' id='word_1_9' title='bbox 103 635 178 741; x_wconf 68' lang='lat' dir='ltr'><strong>post</strong></span> <span class='ocrx_word' id='word_1_10' title='bbox 209 651 360 715; x_wconf 78' lang='lat' dir='ltr'><strong>hominis</strong></span> <span class='ocrx_word' id='word_1_11' title='bbox 387 647 506 732; x_wconf 87' lang='lat' dir='ltr'><strong>posita,</strong></span> <span class='ocrx_word' id='word_1_12' title='bbox 543 647 620 710; x_wconf 94' lang='lat' dir='ltr'><strong>mihi</strong></span> <span class='ocrx_word' id='word_1_13' title='bbox 658 646 780 712; x_wconf 86' lang='lat' dir='ltr'><strong>ridetur</strong></span> <span class='ocrx_word' id='word_1_14' title='bbox 812 649 997 714; x_wconf 86' lang='lat' dir='ltr'><strong>restituenda</strong></span> <span class='ocrx_word' id='word_1_15' title='bbox 1024 661 1054 714; x_wconf 90' lang='lat' dir='ltr'><strong>et</strong></span> <span class='ocrx_word' id='word_1_16' title='bbox 1080 649 1218 734; x_wconf 86' lang='lat' dir='ltr'><strong>conjun-</strong></span> 
     </span>
     <span class='ocr_line' id='line_1_4' title="bbox 104 751 1217 848; baseline -0.006 -24"><span class='ocrx_word' id='word_1_17' title='bbox 104 757 264 848; x_wconf 87' lang='lat' dir='ltr'><strong>gendum:</strong></span> <span class='ocrx_word' id='word_1_18' title='bbox 290 777 352 818; x_wconf 82' lang='lat' dir='ltr'><strong>eur</strong></span> <span class='ocrx_word' id='word_1_19' title='bbox 376 753 528 815; x_wconf 78' lang='lat' dir='ltr'><strong>hominis</strong></span> <span class='ocrx_word' id='word_1_20' title='bbox 549 755 715 840; x_wconf 79' lang='lat' dir='ltr'><strong>graviter</strong></span> <span class='ocrx_word' id='word_1_21' title='bbox 746 751 861 840; x_wconf 80' lang='lat'><strong>(477),</strong></span> <span class='ocrx_word' id='word_1_22' title='bbox 891 756 937 820; x_wconf 88' lang='lat' dir='ltr'><strong>uti</strong></span> <span class='ocrx_word' id='word_1_23' title='bbox 967 759 1009 820; x_wconf 79' lang='lat'><strong>78</strong></span> <span class='ocrx_word' id='word_1_24' title='bbox 1036 755 1217 841; x_wconf 81' lang='lat' dir='ltr'><strong>praepedi-</strong></span> 
     </span>
     <span class='ocr_line' id='line_1_5' title="bbox 102 858 1213 950; baseline -0.005 -22"><span class='ocrx_word' id='word_1_25' title='bbox 102 875 214 928; x_wconf 77' lang='lat' dir='ltr'><strong>untur</strong></span> <span class='ocrx_word' id='word_1_26' title='bbox 236 859 423 924; x_wconf 80' lang='lat' dir='ltr'><strong>vacillanti</strong></span> <span class='ocrx_word' id='word_1_27' title='bbox 430 883 444 935; x_wconf 81' lang='lat'><strong>,-</strong></span> <span class='ocrx_word' id='word_1_28' title='bbox 468 881 566 945; x_wconf 91' lang='lat' dir='ltr'><strong>quum</strong></span> <span class='ocrx_word' id='word_1_29' title='bbox 592 859 679 944; x_wconf 90' lang='lat' dir='ltr'><strong>plura</strong></span> <span class='ocrx_word' id='word_1_30' title='bbox 698 858 760 922; x_wconf 85' lang='lat' dir='ltr'><strong>sint</strong></span> <span class='ocrx_word' id='word_1_31' title='bbox 787 860 987 945; x_wconf 83' lang='lat' dir='ltr'><strong>interposita,</strong></span> <span class='ocrx_word' id='word_1_32' title='bbox 1010 870 1100 945; x_wconf 79' lang='lat' dir='ltr'><strong>poeta</strong></span> <span class='ocrx_word' id='word_1_33' title='bbox 1121 858 1213 950; x_wconf 82' lang='lat'>(481)</span> 
     </span>
     <span class='ocr_line' id='line_1_6' title="bbox 102 969 504 1056; baseline -0.02 -21"><span class='ocrx_word' id='word_1_34' title='bbox 102 969 234 1056; x_wconf 88' lang='lat' dir='ltr'><strong>repetit:</strong></span> <span class='ocrx_word' id='word_1_35' title='bbox 266 989 329 1030; x_wconf 84' lang='lat' dir='ltr'><strong>eur</strong></span> <span class='ocrx_word' id='word_1_36' title='bbox 352 987 389 1028; x_wconf 84' lang='lat' dir='ltr'><strong>ea</strong></span> <span class='ocrx_word' id='word_1_37' title='bbox 413 974 504 1028; x_wconf 79' lang='lat' dir='ltr'><strong>sunt.</strong></span> 
     </span>
    </p>

    <p class='ocr_par' dir='ltr' id='par_1_3' title="bbox 90 1051 1249 3484">
     <span class='ocr_line' id='line_1_7' title="bbox 149 1051 1216 1157; baseline -0.003 -18"><span class='ocrx_word' id='word_1_38' title='bbox 149 1080 192 1154; x_wconf 84' lang='lat'><strong>3,</strong></span> <span class='ocrx_word' id='word_1_39' title='bbox 216 1051 327 1139; x_wconf 56' lang='lat'><strong>491⁹&amp;</strong></span> <span class='ocrx_word' id='word_1_40' title='bbox 348 1077 379 1138; x_wconf 89' lang='lat'><strong>2.</strong></span> <span class='ocrx_word' id='word_1_41' title='bbox 426 1071 505 1136; x_wconf 86' lang='lat' dir='ltr'><strong>Guur</strong></span> <span class='ocrx_word' id='word_1_42' title='bbox 531 1061 698 1138; x_wconf 78' lang='lat' dir='ltr'><strong>l&#39;cssianis¹</strong></span> <span class='ocrx_word' id='word_1_43' title='bbox 716 1071 834 1135; x_wconf 84' lang='lat' dir='ltr'><strong>restitui</strong></span> <span class='ocrx_word' id='word_1_44' title='bbox 864 1072 1047 1157; x_wconf 84' lang='lat' dir='ltr'><strong>debetque</strong></span> <span class='ocrx_word' id='word_1_45' title='bbox 1075 1073 1097 1138; x_wconf 90' lang='lat' dir='ltr'><strong>i.</strong></span> <span class='ocrx_word' id='word_1_46' title='bbox 1119 1094 1146 1138; x_wconf 89' lang='lat' dir='ltr'><strong>e.</strong></span> <span class='ocrx_word' id='word_1_47' title='bbox 1176 1075 1216 1148; x_wconf 77' lang='lat' dir='ltr'><strong>ire</strong></span> 
     </span>
     <span class='ocr_line' id='line_1_8' title="bbox 102 1174 1214 1264; baseline -0.002 -20"><span class='ocrx_word' id='word_1_48' title='bbox 102 1183 153 1244; x_wconf 81' lang='lat' dir='ltr'><strong>e&#39;e&#39;r</strong></span> <span class='ocrx_word' id='word_1_49' title='bbox 171 1177 338 1264; x_wconf 79' lang='lat' dir='ltr'><strong>partibus</strong></span> <span class='ocrx_word' id='word_1_50' title='bbox 360 1199 445 1262; x_wconf 80' lang='lat' dir='ltr'><strong>quae</strong></span> <span class='ocrx_word' id='word_1_51' title='bbox 462 1174 592 1250; x_wconf 82' lang='lat' dir='ltr'><strong>morbo,</strong></span> <span class='ocrx_word' id='word_1_52' title='bbox 614 1175 766 1239; x_wconf 78' lang='lat' dir='ltr'><strong>alteruis</strong></span> <span class='ocrx_word' id='word_1_53' title='bbox 783 1175 932 1254; x_wconf 81' lang='lat' dir='ltr'><strong>vicibus,</strong></span> <span class='ocrx_word' id='word_1_54' title='bbox 951 1180 1214 1262; x_wconf 81' lang='lat' dir='ltr'><strong>corripiuntur,</strong></span> 
     </span>
     <span class='ocr_line' id='line_1_9' title="bbox 103 1281 1217 1368; baseline -0.002 -17"><span class='ocrx_word' id='word_1_55' title='bbox 103 1302 193 1351; x_wconf 76' lang='lat' dir='ltr'><strong>nune·</strong></span> <span class='ocrx_word' id='word_1_56' title='bbox 217 1285 294 1357; x_wconf 81' lang='lat' dir='ltr'><strong>Irae,</strong></span> <span class='ocrx_word' id='word_1_57' title='bbox 321 1305 410 1346; x_wconf 79' lang='lat' dir='ltr'><strong>nuno</strong></span> <span class='ocrx_word' id='word_1_58' title='bbox 434 1281 538 1344; x_wconf 81' lang='lat' dir='ltr'><strong>illae:</strong></span> <span class='ocrx_word' id='word_1_59' title='bbox 561 1283 689 1346; x_wconf 85' lang='lat' dir='ltr'><strong>morbus</strong></span> <span class='ocrx_word' id='word_1_60' title='bbox 718 1283 801 1346; x_wconf 90' lang='lat' dir='ltr'><strong>enim</strong></span> <span class='ocrx_word' id='word_1_61' title='bbox 830 1295 874 1347; x_wconf 92' lang='lat' dir='ltr'><strong>est</strong></span> <span class='ocrx_word' id='word_1_62' title='bbox 896 1283 1060 1348; x_wconf 89' lang='lat' dir='ltr'><strong>distractus</strong></span> <span class='ocrx_word' id='word_1_63' title='bbox 1079 1306 1134 1368; x_wconf 91' lang='lat' dir='ltr'><strong>per</strong></span> <span class='ocrx_word' id='word_1_64' title='bbox 1162 1308 1217 1349; x_wconf 84' lang='lat' dir='ltr'><strong>ar-</strong></span> 
     </span>
     <span class='ocr_line' id='line_1_10' title="bbox 104 1387 1216 1481; baseline -0.003 -24"><span class='ocrx_word' id='word_1_65' title='bbox 104 1404 174 1468; x_wconf 90' lang='lat' dir='ltr'><strong>tus,</strong></span> <span class='ocrx_word' id='word_1_66' title='bbox 213 1412 274 1455; x_wconf 86' lang='lat' dir='ltr'><strong>nec</strong></span> <span class='ocrx_word' id='word_1_67' title='bbox 305 1401 410 1453; x_wconf 89' lang='lat' dir='ltr'><strong>tamen</strong></span> <span class='ocrx_word' id='word_1_68' title='bbox 442 1409 548 1481; x_wconf 89' lang='lat' dir='ltr'><strong>omncs</strong></span> <span class='ocrx_word' id='word_1_69' title='bbox 573 1387 666 1462; x_wconf 86' lang='lat' dir='ltr'><strong>simul</strong></span> <span class='ocrx_word' id='word_1_70' title='bbox 704 1387 839 1453; x_wconf 88' lang='lat' dir='ltr'><strong>excitare</strong></span> <span class='ocrx_word' id='word_1_71' title='bbox 869 1401 980 1474; x_wconf 90' lang='lat' dir='ltr'><strong>potest.</strong></span> <span class='ocrx_word' id='word_1_72' title='bbox 1028 1390 1125 1454; x_wconf 87' lang='lat' dir='ltr'><strong>Recte</strong></span> <span class='ocrx_word' id='word_1_73' title='bbox 1148 1390 1216 1474; x_wconf 89' lang='lat' dir='ltr'><strong>jam</strong></span> 
     </span>
     <span class='ocr_line' id='line_1_11' title="bbox 101 1493 1215 1580; baseline -0.002 -19"><span class='ocrx_word' id='word_1_74' title='bbox 101 1499 311 1580; x_wconf 82' lang='lat' dir='ltr'><strong>Harercamp:</strong></span> <span class='ocrx_word' id='word_1_75' title='bbox 340 1515 436 1580; x_wconf 83' lang='lat' dir='ltr'><strong>»quo</strong></span> <span class='ocrx_word' id='word_1_76' title='bbox 459 1494 532 1571; x_wconf 83' lang='lat' dir='ltr'><strong>or&#39;s,</strong></span> <span class='ocrx_word' id='word_1_77' title='bbox 569 1515 631 1558; x_wconf 91' lang='lat' dir='ltr'><strong>non</strong></span> <span class='ocrx_word' id='word_1_78' title='bbox 658 1493 781 1578; x_wconf 92' lang='lat' dir='ltr'><strong>inepte,</strong></span> <span class='ocrx_word' id='word_1_79' title='bbox 816 1507 959 1579; x_wconf 86' lang='lat' dir='ltr'><strong>respectu</strong></span> <span class='ocrx_word' id='word_1_80' title='bbox 990 1493 1027 1559; x_wconf 91' lang='lat' dir='ltr'><strong>ad</strong></span> <span class='ocrx_word' id='word_1_81' title='bbox 1059 1495 1215 1560; x_wconf 64' lang='lat' dir='ltr'><strong>membro</strong></span> 
     </span>
     <span class='ocr_line' id='line_1_12' title="bbox 101 1599 1215 1683; baseline 0 -17"><span class='ocrx_word' id='word_1_82' title='bbox 101 1625 170 1666; x_wconf 90' lang='lat' dir='ltr'><strong>rum</strong></span> <span class='ocrx_word' id='word_1_83' title='bbox 206 1603 433 1665; x_wconf 71' lang='lat' dir='ltr'><strong>inconstantem</strong></span> <span class='ocrx_word' id='word_1_84' title='bbox 463 1599 678 1682; x_wconf 67' lang='lat' dir='ltr'><strong>jactationem</strong></span> <span class='ocrx_word' id='word_1_85' title='bbox 714 1619 812 1683; x_wconf 89' lang='lat' dir='ltr'><strong>quum</strong></span> <span class='ocrx_word' id='word_1_86' title='bbox 844 1621 931 1664; x_wconf 90' lang='lat' dir='ltr'><strong>nnnc</strong></span> <span class='ocrx_word' id='word_1_87' title='bbox 962 1621 1095 1678; x_wconf 87' lang='lat' dir='ltr'><strong>manus,</strong></span> <span class='ocrx_word' id='word_1_88' title='bbox 1128 1623 1215 1666; x_wconf 91' lang='lat' dir='ltr'><strong>nunc</strong></span> 
     </span>
     <span class='ocr_line' id='line_1_13' title="bbox 101 1704 1214 1792; baseline 0 -21"><span class='ocrx_word' id='word_1_89' title='bbox 101 1730 156 1792; x_wconf 89' lang='lat' dir='ltr'><strong>pes</strong></span> <span class='ocrx_word' id='word_1_90' title='bbox 182 1717 241 1772; x_wconf 90' lang='lat' dir='ltr'><strong>etc.</strong></span> <span class='ocrx_word' id='word_1_91' title='bbox 277 1709 472 1772; x_wconf 82' lang='lat' dir='ltr'><strong>moveatur.”</strong></span> <span class='ocrx_word' id='word_1_92' title='bbox 518 1705 556 1768; x_wconf 91' lang='lat' dir='ltr'><strong>ln</strong></span> <span class='ocrx_word' id='word_1_93' title='bbox 593 1705 734 1790; x_wconf 79' lang='lat' dir='ltr'><strong>sequenti</strong></span> <span class='ocrx_word' id='word_1_94' title='bbox 770 1727 859 1769; x_wconf 86' lang='lat' dir='ltr'><strong>versu</strong></span> <span class='ocrx_word' id='word_1_95' title='bbox 891 1707 985 1790; x_wconf 86' lang='lat' dir='ltr'><strong>nulla</strong></span> <span class='ocrx_word' id='word_1_96' title='bbox 1023 1717 1068 1770; x_wconf 90' lang='lat' dir='ltr'><strong>est</strong></span> <span class='ocrx_word' id='word_1_97' title='bbox 1104 1704 1214 1771; x_wconf 90' lang='lat' dir='ltr'><strong>idonea</strong></span> 
     </span>
     <span class='ocr_line' id='line_1_14' title="bbox 101 1811 1213 1895; baseline -0.002 -17"><span class='ocrx_word' id='word_1_98' title='bbox 101 1835 211 1889; x_wconf 88' lang='lat' dir='ltr'><strong>cansa,</strong></span> <span class='ocrx_word' id='word_1_99' title='bbox 251 1835 309 1876; x_wconf 92' lang='lat' dir='ltr'><strong>cur</strong></span> <span class='ocrx_word' id='word_1_100' title='bbox 350 1822 456 1876; x_wconf 85' lang='lat' dir='ltr'><strong>contra</strong></span> <span class='ocrx_word' id='word_1_101' title='bbox 496 1811 627 1895; x_wconf 91' lang='lat' dir='ltr'><strong>optimos</strong></span> <span class='ocrx_word' id='word_1_102' title='bbox 662 1811 756 1877; x_wconf 86' lang='lat' dir='ltr'><strong>libros</strong></span> <span class='ocrx_word' id='word_1_103' title='bbox 795 1813 952 1874; x_wconf 80' lang='lat' dir='ltr'><strong>animem</strong></span> <span class='ocrx_word' id='word_1_104' title='bbox 986 1812 1019 1875; x_wconf 92' lang='lat' dir='ltr'><strong>in</strong></span> <span class='ocrx_word' id='word_1_105' title='bbox 1057 1814 1213 1876; x_wconf 78' lang='lat' dir='ltr'><strong>enimam</strong></span> 
     </span>
     <span class='ocr_line' id='line_1_15' title="bbox 99 1915 1214 2004; baseline -0.001 -21"><span class='ocrx_word' id='word_1_106' title='bbox 99 1930 275 2004; x_wconf 81' lang='lat' dir='ltr'><strong>mutemus,</strong></span> <span class='ocrx_word' id='word_1_107' title='bbox 303 1919 369 2003; x_wconf 89' lang='lat' dir='ltr'><strong>ipso</strong></span> <span class='ocrx_word' id='word_1_108' title='bbox 390 1918 534 1981; x_wconf 87' lang='lat' dir='ltr'><strong>Lucretio</strong></span> <span class='ocrx_word' id='word_1_109' title='bbox 554 1939 588 1981; x_wconf 90' lang='lat' dir='ltr'><strong>se</strong></span> <span class='ocrx_word' id='word_1_110' title='bbox 607 1915 685 1980; x_wconf 89' lang='lat' dir='ltr'><strong>baec</strong></span> <span class='ocrx_word' id='word_1_111' title='bbox 706 1918 856 1982; x_wconf 82' lang='lat' dir='ltr'><strong>vocabula</strong></span> <span class='ocrx_word' id='word_1_112' title='bbox 872 1919 1048 2002; x_wconf 89' lang='lat' dir='ltr'><strong>promiscue</strong></span> <span class='ocrx_word' id='word_1_113' title='bbox 1068 1917 1214 1982; x_wconf 87' lang='lat' dir='ltr'><strong>adhibere</strong></span> 
     </span>
     <span class='ocr_line' id='line_1_16' title="bbox 101 2021 1212 2110; baseline -0.002 -22"><span class='ocrx_word' id='word_1_114' title='bbox 101 2035 231 2088; x_wconf 87' lang='lat' dir='ltr'><strong>testante</strong></span> <span class='ocrx_word' id='word_1_115' title='bbox 260 2021 317 2110; x_wconf 83' lang='lat' dir='ltr'><strong>(rs.</strong></span> <span class='ocrx_word' id='word_1_116' title='bbox 342 2021 522 2106; x_wconf 80' lang='lat'><strong>422-25),</strong></span> <span class='ocrx_word' id='word_1_117' title='bbox 559 2033 588 2084; x_wconf 91' lang='lat' dir='ltr'><strong>et</strong></span> <span class='ocrx_word' id='word_1_118' title='bbox 608 2043 687 2084; x_wconf 88' lang='lat' dir='ltr'><strong>mox</strong></span> <span class='ocrx_word' id='word_1_119' title='bbox 723 2032 787 2086; x_wconf 86' lang='lat' dir='ltr'><strong>tam</strong></span> <span class='ocrx_word' id='word_1_120' title='bbox 817 2023 974 2085; x_wconf 79' lang='lat' dir='ltr'><strong>animem</strong></span> <span class='ocrx_word' id='word_1_121' title='bbox 1004 2042 1100 2106; x_wconf 88' lang='lat' dir='ltr'><strong>quarn</strong></span> <span class='ocrx_word' id='word_1_122' title='bbox 1130 2023 1212 2086; x_wconf 78' lang='lat' dir='ltr'><strong>orei-</strong></span> 
     </span>
     <span class='ocr_line' id='line_1_17' title="bbox 99 2125 1249 2216; baseline -0.001 -24"><span class='ocrx_word' id='word_1_123' title='bbox 99 2151 194 2192; x_wconf 85' lang='lat' dir='ltr'><strong>mom</strong></span> <span class='ocrx_word' id='word_1_124' title='bbox 221 2138 420 2216; x_wconf 82' lang='lat' dir='ltr'><strong>memorante.</strong></span> <span class='ocrx_word' id='word_1_125' title='bbox 467 2125 588 2208; x_wconf 74' lang='lat' dir='ltr'><strong>Deinde</strong></span> <span class='ocrx_word' id='word_1_126' title='bbox 611 2129 790 2210; x_wconf 75' lang='lat' dir='ltr'><strong>spumanti</strong></span> <span class='ocrx_word' id='word_1_127' title='bbox 812 2137 852 2188; x_wconf 82' lang='lat' dir='ltr'><strong>eet</strong></span> <span class='ocrx_word' id='word_1_128' title='bbox 876 2129 915 2188; x_wconf 78' lang='lat' dir='ltr'><strong>ira</strong></span> <span class='ocrx_word' id='word_1_129' title='bbox 938 2149 1080 2212; x_wconf 75' lang='lat' dir='ltr'><strong>aequore</strong></span> <span class='ocrx_word' id='word_1_130' title='bbox 1102 2127 1209 2205; x_wconf 81' lang='lat' dir='ltr'><strong>salso,</strong></span> <span class='ocrx_word' id='word_1_131' title='bbox 1247 2177 1249 2182; x_wconf 68' lang='lat'><strong>,</strong></span> 
     </span>
     <span class='ocr_line' id='line_1_18' title="bbox 100 2217 1248 2319; baseline -0.002 -21"><span class='ocrx_word' id='word_1_132' title='bbox 100 2235 147 2298; x_wconf 91' lang='lat' dir='ltr'><strong>uti</strong></span> <span class='ocrx_word' id='word_1_133' title='bbox 175 2217 332 2319; x_wconf 45' lang='lat' dir='ltr'><strong>Forbiger&#39;</strong></span> <span class='ocrx_word' id='word_1_134' title='bbox 349 2231 494 2311; x_wconf 81' lang='lat' dir='ltr'><strong>exhibet,</strong></span> <span class='ocrx_word' id='word_1_135' title='bbox 513 2224 579 2296; x_wconf 60' lang='lat' dir='ltr'><strong>&#39;nec</strong></span> <span class='ocrx_word' id='word_1_136' title='bbox 605 2233 760 2296; x_wconf 92' lang='lat' dir='ltr'><strong>bonorum</strong></span> <span class='ocrx_word' id='word_1_137' title='bbox 780 2232 924 2297; x_wconf 90' lang='lat' dir='ltr'><strong>codicum</strong></span> <span class='ocrx_word' id='word_1_138' title='bbox 950 2233 1134 2298; x_wconf 87' lang='lat' dir='ltr'><strong>auctoritate</strong></span> <span class='ocrx_word' id='word_1_139' title='bbox 1161 2235 1210 2298; x_wconf 91' lang='lat' dir='ltr'><strong>ni·</strong></span> <span class='ocrx_word' id='word_1_140' title='bbox 1247 2265 1248 2270; x_wconf 15' lang='grc' dir='ltr'><strong>κ</strong></span> 
     </span>
     <span class='ocr_line' id='line_1_19' title="bbox 99 2338 1210 2424; baseline -0.004 -19"><span class='ocrx_word' id='word_1_141' title='bbox 99 2340 175 2405; x_wconf 90' lang='lat' dir='ltr'><strong>titur</strong></span> <span class='ocrx_word' id='word_1_142' title='bbox 208 2360 313 2424; x_wconf 88' lang='lat' dir='ltr'><strong>neque</strong></span> <span class='ocrx_word' id='word_1_143' title='bbox 350 2339 478 2402; x_wconf 93' lang='lat' dir='ltr'><strong>omnino</strong></span> <span class='ocrx_word' id='word_1_144' title='bbox 502 2338 702 2403; x_wconf 91' lang='lat' dir='ltr'><strong>commodum</strong></span> <span class='ocrx_word' id='word_1_145' title='bbox 734 2338 859 2422; x_wconf 89' lang='lat' dir='ltr'><strong>praebet</strong></span> <span class='ocrx_word' id='word_1_146' title='bbox 888 2352 1022 2404; x_wconf 89' lang='lat' dir='ltr'><strong>sensum.</strong></span> <span class='ocrx_word' id='word_1_147' title='bbox 1071 2339 1143 2402; x_wconf 88' lang='lat' dir='ltr'><strong>Pars</strong></span> <span class='ocrx_word' id='word_1_148' title='bbox 1172 2339 1210 2402; x_wconf 92' lang='lat' dir='ltr'><strong>li·</strong></span> 
     </span>
     <span class='ocr_line' id='line_1_20' title="bbox 99 2442 1208 2528; baseline -0.003 -18"><span class='ocrx_word' id='word_1_149' title='bbox 99 2445 226 2510; x_wconf 84' lang='lat' dir='ltr'><strong>brorum</strong></span> <span class='ocrx_word' id='word_1_150' title='bbox 247 2443 389 2508; x_wconf 88' lang='lat' dir='ltr'><strong>Lambini</strong></span> <span class='ocrx_word' id='word_1_151' title='bbox 409 2454 440 2506; x_wconf 89' lang='lat' dir='ltr'><strong>et</strong></span> <span class='ocrx_word' id='word_1_152' title='bbox 463 2442 628 2510; x_wconf 80' lang='lat' dir='ltr'><strong>Vossianus</strong></span> <span class='ocrx_word' id='word_1_153' title='bbox 654 2454 805 2528; x_wconf 89' lang='lat' dir='ltr'><strong>uterque:</strong></span> <span class='ocrx_word' id='word_1_154' title='bbox 833 2465 1017 2528; x_wconf 78' lang='lat' dir='ltr'><strong>spumans,</strong></span> <span class='ocrx_word' id='word_1_155' title='bbox 1040 2443 1132 2506; x_wconf 81' lang='lat' dir='ltr'><strong>velet</strong></span> <span class='ocrx_word' id='word_1_156' title='bbox 1155 2465 1208 2507; x_wconf 87' lang='lat' dir='ltr'><strong>ee·</strong></span> 
     </span>
     <span class='ocr_line' id='line_1_21' title="bbox 98 2548 1208 2636; baseline 0 -24"><span class='ocrx_word' id='word_1_157' title='bbox 98 2571 200 2636; x_wconf 82' lang='lat' dir='ltr'><strong>quere</strong></span> <span class='ocrx_word' id='word_1_158' title='bbox 224 2549 333 2626; x_wconf 77' lang='lat' dir='ltr'><strong>eolre,</strong></span> <span class='ocrx_word' id='word_1_159' title='bbox 362 2549 446 2634; x_wconf 93' lang='lat' dir='ltr'><strong>quod</strong></span> <span class='ocrx_word' id='word_1_160' title='bbox 475 2548 615 2613; x_wconf 87' lang='lat' dir='ltr'><strong>mirera</strong></span> <span class='ocrx_word' id='word_1_161' title='bbox 645 2549 771 2613; x_wconf 90' lang='lat' dir='ltr'><strong>nemine</strong></span> <span class='ocrx_word' id='word_1_162' title='bbox 799 2548 862 2614; x_wconf 93' lang='lat' dir='ltr'><strong>huc</strong></span> <span class='ocrx_word' id='word_1_163' title='bbox 883 2570 982 2634; x_wconf 89' lang='lat' dir='ltr'><strong>usque</strong></span> <span class='ocrx_word' id='word_1_164' title='bbox 1009 2549 1102 2612; x_wconf 88' lang='lat' dir='ltr'><strong>fuisse</strong></span> <span class='ocrx_word' id='word_1_165' title='bbox 1121 2551 1208 2614; x_wconf 84' lang='lat' dir='ltr'><strong>resti-</strong></span> 
     </span>
     <span class='ocr_line' id='line_1_22' title="bbox 97 2652 1207 2740; baseline -0.001 -19"><span class='ocrx_word' id='word_1_166' title='bbox 97 2667 211 2722; x_wconf 88' lang='lat' dir='ltr'><strong>tutum.</strong></span> <span class='ocrx_word' id='word_1_167' title='bbox 258 2652 430 2738; x_wconf 80' lang='lat' dir='ltr'><strong>Spumeus</strong></span> <span class='ocrx_word' id='word_1_168' title='bbox 456 2655 496 2719; x_wconf 92' lang='lat' dir='ltr'><strong>de</strong></span> <span class='ocrx_word' id='word_1_169' title='bbox 519 2676 655 2740; x_wconf 89' lang='lat' dir='ltr'><strong>aequore</strong></span> <span class='ocrx_word' id='word_1_170' title='bbox 685 2657 761 2720; x_wconf 88' lang='lat' dir='ltr'><strong>salso</strong></span> <span class='ocrx_word' id='word_1_171' title='bbox 788 2678 850 2720; x_wconf 92' lang='lat' dir='ltr'><strong>non</strong></span> <span class='ocrx_word' id='word_1_172' title='bbox 883 2666 967 2719; x_wconf 89' lang='lat' dir='ltr'><strong>recte</strong></span> <span class='ocrx_word' id='word_1_173' title='bbox 991 2655 1125 2732; x_wconf 86' lang='lat' dir='ltr'><strong>dicitur,</strong></span> <span class='ocrx_word' id='word_1_174' title='bbox 1156 2656 1207 2720; x_wconf 87' lang='lat' dir='ltr'><strong>sed</strong></span> 
     </span>
     <span class='ocr_line' id='line_1_23' title="bbox 98 2760 1207 2846; baseline 0 -19"><span class='ocrx_word' id='word_1_175' title='bbox 98 2761 220 2838; x_wconf 87' lang='lat' dir='ltr'><strong>nudae,</strong></span> <span class='ocrx_word' id='word_1_176' title='bbox 252 2761 350 2826; x_wconf 86' lang='lat' dir='ltr'><strong>ventis</strong></span> <span class='ocrx_word' id='word_1_177' title='bbox 381 2772 617 2845; x_wconf 88' lang='lat' dir='ltr'><strong>conquassatae,</strong></span> <span class='ocrx_word' id='word_1_178' title='bbox 648 2772 812 2846; x_wconf 87' lang='lat' dir='ltr'><strong>spumant;</strong></span> <span class='ocrx_word' id='word_1_179' title='bbox 845 2764 899 2824; x_wconf 80' lang='lat' dir='ltr'><strong>oia</strong></span> <span class='ocrx_word' id='word_1_180' title='bbox 921 2783 993 2824; x_wconf 85' lang='lat' dir='ltr'><strong>vero</strong></span> <span class='ocrx_word' id='word_1_181' title='bbox 1013 2760 1126 2824; x_wconf 81' lang='lat' dir='ltr'><strong>morbi</strong></span> <span class='ocrx_word' id='word_1_182' title='bbox 1143 2785 1207 2827; x_wconf 92' lang='lat' dir='ltr'><strong>non</strong></span> 
     </span>
     <span class='ocr_line' id='line_1_24' title="bbox 94 2866 1244 2953; baseline -0.003 -23"><span class='ocrx_word' id='word_1_183' title='bbox 94 2867 287 2952; x_wconf 86' lang='lat' dir='ltr'><strong>ineleganter</strong></span> <span class='ocrx_word' id='word_1_184' title='bbox 312 2866 428 2932; x_wconf 89' lang='lat' dir='ltr'><strong>dieitur</strong></span> <span class='ocrx_word' id='word_1_185' title='bbox 450 2888 608 2950; x_wconf 75' lang='lat' dir='ltr'><strong>spumare</strong></span> <span class='ocrx_word' id='word_1_186' title='bbox 637 2868 658 2932; x_wconf 87' lang='lat' dir='ltr'><strong>i.</strong></span> <span class='ocrx_word' id='word_1_187' title='bbox 686 2891 712 2932; x_wconf 91' lang='lat' dir='ltr'><strong>e.</strong></span> <span class='ocrx_word' id='word_1_188' title='bbox 733 2867 881 2953; x_wconf 82' lang='lat' dir='ltr'><strong>feruere.</strong></span> <span class='ocrx_word' id='word_1_189' title='bbox 929 2868 972 2930; x_wconf 82' lang='lat' dir='ltr'><strong>Ex</strong></span> <span class='ocrx_word' id='word_1_190' title='bbox 1001 2866 1094 2949; x_wconf 91' lang='lat' dir='ltr'><strong>hujus</strong></span> <span class='ocrx_word' id='word_1_191' title='bbox 1122 2868 1206 2933; x_wconf 89' lang='lat' dir='ltr'><strong>rcrbi</strong></span> <span class='ocrx_word' id='word_1_192' title='bbox 1241 2917 1244 2926; x_wconf 82' lang='lat'><em>.</em></span> 
     </span>
     <span class='ocr_line' id='line_1_25' title="bbox 94 2973 1203 3059; baseline -0.002 -21"><span class='ocrx_word' id='word_1_193' title='bbox 94 2974 238 3038; x_wconf 90' lang='lat' dir='ltr'><strong>translato</strong></span> <span class='ocrx_word' id='word_1_194' title='bbox 258 2979 349 3038; x_wconf 88' lang='lat' dir='ltr'><strong>sensu</strong></span> <span class='ocrx_word' id='word_1_195' title='bbox 367 2995 430 3037; x_wconf 93' lang='lat' dir='ltr'><strong>non</strong></span> <span class='ocrx_word' id='word_1_196' title='bbox 457 2974 523 3038; x_wconf 92' lang='lat' dir='ltr'><strong>sine</strong></span> <span class='ocrx_word' id='word_1_197' title='bbox 549 2973 684 3038; x_wconf 84' lang='lat' dir='ltr'><strong>veritatis</strong></span> <span class='ocrx_word' id='word_1_198' title='bbox 713 2974 816 3057; x_wconf 91' lang='lat' dir='ltr'><strong>specie</strong></span> <span class='ocrx_word' id='word_1_199' title='bbox 842 2974 925 3038; x_wconf 91' lang='lat' dir='ltr'><strong>dicat</strong></span> <span class='ocrx_word' id='word_1_200' title='bbox 957 2975 1044 3059; x_wconf 90' lang='lat' dir='ltr'><strong>quis,</strong></span> <span class='ocrx_word' id='word_1_201' title='bbox 1080 2980 1203 3058; x_wconf 68' lang='lat' dir='ltr'><strong>potitam</strong></span> 
     </span>
     <span class='ocr_line' id='line_1_26' title="bbox 92 3077 1205 3165; baseline 0 -22"><span class='ocrx_word' id='word_1_202' title='bbox 92 3081 126 3144; x_wconf 91' lang='lat' dir='ltr'><strong>in</strong></span> <span class='ocrx_word' id='word_1_203' title='bbox 148 3078 408 3165; x_wconf 84' lang='lat' dir='ltr'><strong>comparationem</strong></span> <span class='ocrx_word' id='word_1_204' title='bbox 427 3077 573 3142; x_wconf 86' lang='lat' dir='ltr'><strong>incidisse</strong></span> <span class='ocrx_word' id='word_1_205' title='bbox 590 3077 782 3154; x_wconf 77' lang='lat' dir='ltr'><strong>undarum,</strong></span> <span class='ocrx_word' id='word_1_206' title='bbox 812 3079 908 3143; x_wconf 87' lang='lat' dir='ltr'><strong>ventis</strong></span> <span class='ocrx_word' id='word_1_207' title='bbox 930 3077 992 3142; x_wconf 92' lang='lat' dir='ltr'><strong>hnc</strong></span> <span class='ocrx_word' id='word_1_208' title='bbox 1012 3077 1089 3142; x_wconf 90' lang='lat' dir='ltr'><strong>illuc</strong></span> <span class='ocrx_word' id='word_1_209' title='bbox 1105 3077 1205 3160; x_wconf 84' lang='lat' dir='ltr'><strong>jacta·</strong></span> 
     </span>
     <span class='ocr_line' id='line_1_27' title="bbox 94 3182 1204 3270; baseline -0.003 -19"><span class='ocrx_word' id='word_1_210' title='bbox 94 3197 205 3252; x_wconf 88' lang='lat' dir='ltr'><strong>tarum.</strong></span> <span class='ocrx_word' id='word_1_211' title='bbox 253 3182 405 3270; x_wconf 82' lang='lat' dir='ltr'><strong>Aequore</strong></span> <span class='ocrx_word' id='word_1_212' title='bbox 437 3184 529 3247; x_wconf 82' lang='lat' dir='ltr'><strong>soleo</strong></span> <span class='ocrx_word' id='word_1_213' title='bbox 552 3184 619 3248; x_wconf 92' lang='lat' dir='ltr'><strong>sine</strong></span> <span class='ocrx_word' id='word_1_214' title='bbox 648 3186 704 3261; x_wconf 78' lang='lat' dir='ltr'><strong>irs,</strong></span> <span class='ocrx_word' id='word_1_215' title='bbox 733 3185 757 3247; x_wconf 91' lang='lat' dir='ltr'><strong>si</strong></span> <span class='ocrx_word' id='word_1_216' title='bbox 785 3185 963 3269; x_wconf 85' lang='lat' dir='ltr'><strong>exemplum</strong></span> <span class='ocrx_word' id='word_1_217' title='bbox 987 3184 1021 3248; x_wconf 90' lang='lat' dir='ltr'><strong>in</strong></span> <span class='ocrx_word' id='word_1_218' title='bbox 1050 3203 1109 3247; x_wconf 91' lang='lat' dir='ltr'><strong>usu</strong></span> <span class='ocrx_word' id='word_1_219' title='bbox 1131 3184 1204 3248; x_wconf 89' lang='lat' dir='ltr'><strong>trito</strong></span> 
     </span>
     <span class='ocr_line' id='line_1_28' title="bbox 92 3289 1204 3376; baseline -0.001 -22"><span class='ocrx_word' id='word_1_220' title='bbox 92 3291 321 3376; x_wconf 88' lang='lat' dir='ltr'><strong>requireretur,</strong></span> <span class='ocrx_word' id='word_1_221' title='bbox 348 3289 484 3367; x_wconf 91' lang='lat' dir='ltr'><strong>dictum,</strong></span> <span class='ocrx_word' id='word_1_222' title='bbox 516 3289 562 3353; x_wconf 92' lang='lat' dir='ltr'><strong>uti</strong></span> <span class='ocrx_word' id='word_1_223' title='bbox 590 3289 680 3354; x_wconf 89' lang='lat' dir='ltr'><strong>initio</strong></span> <span class='ocrx_word' id='word_1_224' title='bbox 709 3290 780 3355; x_wconf 91' lang='lat' dir='ltr'><strong>libri</strong></span> <span class='ocrx_word' id='word_1_225' title='bbox 805 3290 932 3356; x_wconf 88' lang='lat' dir='ltr'><strong>secundi</strong></span> <span class='ocrx_word' id='word_1_226' title='bbox 958 3311 1094 3365; x_wconf 79' lang='lat' dir='ltr'><strong>ususve,</strong></span> <span class='ocrx_word' id='word_1_227' title='bbox 1126 3291 1204 3356; x_wconf 86' lang='lat' dir='ltr'><strong>mari</strong></span> 
     </span>
     <span class='ocr_line' id='line_1_29' title="bbox 90 3401 239 3484; baseline 0.007 -24"><span class='ocrx_word' id='word_1_228' title='bbox 90 3401 239 3484; x_wconf 84' lang='lat' dir='ltr'><strong>magno.’&#39;</strong></span> 
     </span>
    </p>

    <p class='ocr_par' dir='ltr' id='par_1_4' title="bbox 88 3501 1215 3904">
     <span class='ocr_line' id='line_1_30' title="bbox 136 3501 1200 3590; baseline -0.001 -22"><span class='ocrx_word' id='word_1_229' title='bbox 136 3506 176 3581; x_wconf 89' lang='lat'><strong>3,</strong></span> <span class='ocrx_word' id='word_1_230' title='bbox 198 3505 273 3570; x_wconf 82' lang='lat'>521.</span> <span class='ocrx_word' id='word_1_231' title='bbox 321 3502 401 3590; x_wconf 82' lang='lat' dir='ltr'><strong>Apte</strong></span> <span class='ocrx_word' id='word_1_232' title='bbox 433 3523 505 3568; x_wconf 87' lang='lat' dir='ltr'><strong>sanc</strong></span> <span class='ocrx_word' id='word_1_233' title='bbox 539 3502 701 3568; x_wconf 90' lang='lat' dir='ltr'><strong>Lucretius</strong></span> <span class='ocrx_word' id='word_1_234' title='bbox 729 3501 873 3567; x_wconf 82' lang='lat' dir='ltr'><strong>dixisset:</strong></span> <span class='ocrx_word' id='word_1_235' title='bbox 904 3513 945 3564; x_wconf 83' lang='lat' dir='ltr'><strong>art</strong></span> <span class='ocrx_word' id='word_1_236' title='bbox 977 3501 1111 3577; x_wconf 81' lang='lat' dir='ltr'><strong>edocui,</strong></span> <span class='ocrx_word' id='word_1_237' title='bbox 1148 3503 1200 3567; x_wconf 92' lang='lat' dir='ltr'><strong>sed</strong></span> 
     </span>
     <span class='ocr_line' id='line_1_31' title="bbox 89 3605 1199 3694; baseline 0 -23"><span class='ocrx_word' id='word_1_238' title='bbox 89 3629 189 3694; x_wconf 90' lang='lat' dir='ltr'><strong>quum</strong></span> <span class='ocrx_word' id='word_1_239' title='bbox 207 3607 268 3672; x_wconf 94' lang='lat' dir='ltr'><strong>hoc</strong></span> <span class='ocrx_word' id='word_1_240' title='bbox 287 3609 413 3674; x_wconf 82' lang='lat' dir='ltr'><strong>verbum</strong></span> <span class='ocrx_word' id='word_1_241' title='bbox 432 3628 585 3693; x_wconf 89' lang='lat' dir='ltr'><strong>nusquam</strong></span> <span class='ocrx_word' id='word_1_242' title='bbox 605 3608 678 3672; x_wconf 88' lang='lat' dir='ltr'><strong>alibi</strong></span> <span class='ocrx_word' id='word_1_243' title='bbox 701 3608 887 3682; x_wconf 85' lang='lat' dir='ltr'><strong>inveniatur,</strong></span> <span class='ocrx_word' id='word_1_244' title='bbox 910 3605 943 3669; x_wconf 89' lang='lat' dir='ltr'><strong>in</strong></span> <span class='ocrx_word' id='word_1_245' title='bbox 964 3607 1105 3691; x_wconf 88' lang='lat' dir='ltr'><strong>pluribus</strong></span> <span class='ocrx_word' id='word_1_246' title='bbox 1124 3605 1199 3671; x_wconf 83' lang='lat' dir='ltr'><strong>licet</strong></span> 
     </span>
     <span class='ocr_line' id='line_1_32' title="bbox 88 3710 1198 3799; baseline -0.002 -21"><span class='ocrx_word' id='word_1_247' title='bbox 88 3734 187 3799; x_wconf 87' lang='lat' dir='ltr'><strong>aeque</strong></span> <span class='ocrx_word' id='word_1_248' title='bbox 216 3724 287 3797; x_wconf 88' lang='lat' dir='ltr'><strong>apte</strong></span> <span class='ocrx_word' id='word_1_249' title='bbox 316 3711 533 3791; x_wconf 87' lang='lat' dir='ltr'><strong>adhiberetur,</strong></span> <span class='ocrx_word' id='word_1_250' title='bbox 558 3715 664 3777; x_wconf 79' lang='lat' dir='ltr'><strong>etuti</strong></span> <span class='ocrx_word' id='word_1_251' title='bbox 687 3711 786 3775; x_wconf 82' lang='lat' dir='ltr'><strong>docui</strong></span> <span class='ocrx_word' id='word_1_252' title='bbox 808 3711 842 3774; x_wconf 91' lang='lat' dir='ltr'><strong>in</strong></span> <span class='ocrx_word' id='word_1_253' title='bbox 862 3710 947 3774; x_wconf 91' lang='lat' dir='ltr'><strong>libris</strong></span> <span class='ocrx_word' id='word_1_254' title='bbox 966 3710 1032 3773; x_wconf 87' lang='lat' dir='ltr'><strong>fere</strong></span> <span class='ocrx_word' id='word_1_255' title='bbox 1055 3711 1198 3776; x_wconf 90' lang='lat' dir='ltr'><strong>omnibus</strong></span> 
     </span>
     <span class='ocr_line' id='line_1_33' title="bbox 88 3815 1215 3904; baseline -0.004 -20"><span class='ocrx_word' id='word_1_256' title='bbox 88 3828 190 3896; x_wconf 88' lang='lat' dir='ltr'><strong>extet,</strong></span> <span class='ocrx_word' id='word_1_257' title='bbox 213 3819 365 3904; x_wconf 74' lang='lat' dir='ltr'><strong>nullique</strong></span> <span class='ocrx_word' id='word_1_258' title='bbox 384 3840 489 3883; x_wconf 90' lang='lat' dir='ltr'><strong>sensus</strong></span> <span class='ocrx_word' id='word_1_259' title='bbox 511 3817 692 3882; x_wconf 87' lang='lat' dir='ltr'><strong>difficultate</strong></span> <span class='ocrx_word' id='word_1_260' title='bbox 708 3817 843 3894; x_wconf 85' lang='lat' dir='ltr'><strong>laboret,</strong></span> <span class='ocrx_word' id='word_1_261' title='bbox 864 3815 1042 3880; x_wconf 88' lang='lat' dir='ltr'><strong>restituatur</strong></span> <span class='ocrx_word' id='word_1_262' title='bbox 1063 3817 1215 3903; x_wconf 59' lang='lat' dir='ltr'><strong>vulgata„</strong></span> 
     </span>
    </p>

    <p class='ocr_par' dir='ltr' id='par_1_5' title="bbox 132 3909 1236 4007">
     <span class='ocr_line' id='line_1_34' title="bbox 132 3909 1236 4007; baseline -0.003 -19"><span class='ocrx_word' id='word_1_263' title='bbox 132 3926 171 4001; x_wconf 83' lang='lat'><strong>3,</strong></span> <span class='ocrx_word' id='word_1_264' title='bbox 203 3924 268 3987; x_wconf 83' lang='lat'><strong>522</strong></span> <span class='ocrx_word' id='word_1_265' title='bbox 293 3926 325 3986; x_wconf 80' lang='lat' dir='ltr'><strong>dr</strong></span> <span class='ocrx_word' id='word_1_266' title='bbox 350 3925 405 3989; x_wconf 65' lang='lat'><strong>242</strong></span> <span class='ocrx_word' id='word_1_267' title='bbox 447 3909 629 3988; x_wconf 85' lang='lat' dir='ltr'><strong>¹Subriderc</strong></span> <span class='ocrx_word' id='word_1_268' title='bbox 660 3923 734 3986; x_wconf 89' lang='lat' dir='ltr'><strong>licet</strong></span> <span class='ocrx_word' id='word_1_269' title='bbox 764 3921 962 3985; x_wconf 86' lang='lat' dir='ltr'><strong>cernentibus</strong></span> <span class='ocrx_word' id='word_1_270' title='bbox 993 3920 1197 4007; x_wconf 86' lang='lat' dir='ltr'><strong>Forbigernm</strong></span> <span class='ocrx_word' id='word_1_271' title='bbox 1233 3991 1236 3998; x_wconf 57' lang='grc'><strong>,</strong></span> 
     </span>
    </p>
   </div>
   <div class='ocr_carea' id='block_1_3' title="bbox 82 4020 1294 4434">
    <p class='ocr_par' dir='ltr' id='par_1_6' title="bbox 82 4020 1294 4434">
     <span class='ocr_line' id='line_1_35' title="bbox 87 4020 1196 4116; baseline -0.002 -22"><span class='ocrx_word' id='word_1_272' title='bbox 87 4050 140 4094; x_wconf 88' lang='lat' dir='ltr'><strong>rsu</strong></span> <span class='ocrx_word' id='word_1_273' title='bbox 172 4030 237 4092; x_wconf 83' lang='lat'><strong>522</strong></span> <span class='ocrx_word' id='word_1_274' title='bbox 265 4029 384 4093; x_wconf 77' lang='lat' dir='ltr'><strong>summai</strong></span> <span class='ocrx_word' id='word_1_275' title='bbox 414 4029 567 4116; x_wconf 84' lang='lat' dir='ltr'><strong>religione</strong></span> <span class='ocrx_word' id='word_1_276' title='bbox 596 4029 753 4093; x_wconf 88' lang='lat' dir='ltr'><strong>liternlam</strong></span> <span class='ocrx_word' id='word_1_277' title='bbox 775 4047 868 4091; x_wconf 88' lang='lat' dir='ltr'><strong>unam</strong></span> <span class='ocrx_word' id='word_1_278' title='bbox 886 4027 920 4089; x_wconf 94' lang='lat' dir='ltr'><strong>in</strong></span> <span class='ocrx_word' id='word_1_279' title='bbox 946 4024 1081 4090; x_wconf 92' lang='lat' dir='ltr'><strong>editione</strong></span> <span class='ocrx_word' id='word_1_280' title='bbox 1098 4020 1196 4092; x_wconf 82' lang='lat' dir='ltr'><strong>tuen-</strong></span> 
     </span>
     <span class='ocr_line' id='line_1_36' title="bbox 82 4133 1194 4220; baseline -0.002 -21"><span class='ocrx_word' id='word_1_281' title='bbox 82 4147 162 4212; x_wconf 89' lang='lat' dir='ltr'><strong>tem,</strong></span> <span class='ocrx_word' id='word_1_282' title='bbox 192 4134 397 4220; x_wconf 83' lang='lat' dir='ltr'><strong>explicatione</strong></span> <span class='ocrx_word' id='word_1_283' title='bbox 424 4134 625 4201; x_wconf 86' lang='lat' dir='ltr'><strong>Walxefieldii</strong></span> <span class='ocrx_word' id='word_1_284' title='bbox 653 4134 784 4198; x_wconf 89' lang='lat' dir='ltr'><strong>admissa</strong></span> <span class='ocrx_word' id='word_1_285' title='bbox 814 4133 848 4196; x_wconf 93' lang='lat' dir='ltr'><strong>in</strong></span> <span class='ocrx_word' id='word_1_286' title='bbox 878 4155 928 4210; x_wconf 92' lang='lat' dir='ltr'><strong>re,</strong></span> <span class='ocrx_word' id='word_1_287' title='bbox 952 4153 1033 4218; x_wconf 90' lang='lat' dir='ltr'><strong>quae</strong></span> <span class='ocrx_word' id='word_1_288' title='bbox 1058 4154 1076 4195; x_wconf 91' lang='lat' dir='ltr'><strong>a</strong></span> <span class='ocrx_word' id='word_1_289' title='bbox 1103 4155 1194 4197; x_wconf 91' lang='lat' dir='ltr'><strong>sensu</strong></span> 
     </span>
     <span class='ocr_line' id='line_1_37' title="bbox 82 4235 1194 4327; baseline -0.003 -20"><span class='ocrx_word' id='word_1_290' title='bbox 82 4241 242 4307; x_wconf 91' lang='lat' dir='ltr'><strong>communi</strong></span> <span class='ocrx_word' id='word_1_291' title='bbox 269 4263 391 4327; x_wconf 89' lang='lat' dir='ltr'><strong>prorsus</strong></span> <span class='ocrx_word' id='word_1_292' title='bbox 420 4240 587 4317; x_wconf 88' lang='lat' dir='ltr'><strong>abhorret,</strong></span> <span class='ocrx_word' id='word_1_293' title='bbox 609 4261 708 4326; x_wconf 91' lang='lat' dir='ltr'><strong>quum</strong></span> <span class='ocrx_word' id='word_1_294' title='bbox 729 4250 833 4303; x_wconf 88' lang='lat' dir='ltr'><strong>tamen</strong></span> <span class='ocrx_word' id='word_1_295' title='bbox 856 4237 955 4302; x_wconf 89' lang='lat' dir='ltr'><strong>eidem</strong></span> <span class='ocrx_word' id='word_1_296' title='bbox 980 4235 1085 4299; x_wconf 90' lang='lat' dir='ltr'><strong>nullus</strong></span> <span class='ocrx_word' id='word_1_297' title='bbox 1107 4257 1194 4304; x_wconf 79' lang='lat' dir='ltr'><strong>scru-</strong></span> 
     </span>
     <span class='ocr_line' id='line_1_38' title="bbox 82 4342 1294 4434; baseline -0.005 -23"><span class='ocrx_word' id='word_1_298' title='bbox 82 4349 174 4434; x_wconf 86' lang='lat' dir='ltr'><strong>pulus</strong></span> <span class='ocrx_word' id='word_1_299' title='bbox 206 4347 357 4430; x_wconf 87' lang='lat' dir='ltr'><strong>haeserit,</strong></span> <span class='ocrx_word' id='word_1_300' title='bbox 397 4349 476 4434; x_wconf 91' lang='lat' dir='ltr'><strong>quin</strong></span> <span class='ocrx_word' id='word_1_301' title='bbox 509 4347 752 4413; x_wconf 71' lang='lat' dir='ltr'><strong>infelicissimam</strong></span> <span class='ocrx_word' id='word_1_302' title='bbox 785 4345 872 4409; x_wconf 91' lang='lat' dir='ltr'><strong>illam</strong></span> <span class='ocrx_word' id='word_1_303' title='bbox 906 4342 1027 4406; x_wconf 87' lang='lat' dir='ltr'><strong>literam</strong></span> <span class='ocrx_word' id='word_1_304' title='bbox 1056 4363 1078 4404; x_wconf 90' lang='lat' dir='ltr'><strong>r</strong></span> <span class='ocrx_word' id='word_1_305' title='bbox 1106 4344 1193 4409; x_wconf 85' lang='lat' dir='ltr'><strong>verbi</strong></span> <span class='ocrx_word' id='word_1_306' title='bbox 1291 4419 1294 4424; x_wconf 27' lang='grc' dir='ltr'>Ι</span> 
     </span>
    </p>
   </div>
   <div class='ocr_carea' id='block_1_4' title="bbox 83 4445 1193 4615">
    <p class='ocr_par' dir='ltr' id='par_1_7' title="bbox 83 4445 1193 4615">
     <span class='ocr_line' id='line_1_39' title="bbox 83 4445 1193 4548; baseline -0.003 -30"><span class='ocrx_word' id='word_1_307' title='bbox 83 4452 282 4540; x_wconf 76' lang='lat' dir='ltr'><strong>refutetur,</strong></span> <span class='ocrx_word' id='word_1_308' title='bbox 302 4479 407 4526; x_wconf 84' lang='lat' dir='ltr'><strong>severo</strong></span> <span class='ocrx_word' id='word_1_309' title='bbox 423 4456 532 4548; x_wconf 64' lang='lat' dir='ltr'><strong>pulta,</strong></span> <span class='ocrx_word' id='word_1_310' title='bbox 561 4465 646 4519; x_wconf 85' lang='lat' dir='ltr'><strong>textu</strong></span> <span class='ocrx_word' id='word_1_311' title='bbox 668 4453 850 4520; x_wconf 87' lang='lat' dir='ltr'><strong>eliminaret.</strong></span> <span class='ocrx_word' id='word_1_312' title='bbox 898 4445 1069 4534; x_wconf 79' lang='lat' dir='ltr'><strong>Befutotu</strong></span> <span class='ocrx_word' id='word_1_313' title='bbox 1088 4469 1193 4515; x_wconf 88' lang='lat' dir='ltr'><strong>neces·</strong></span> 
     </span>
     <span class='ocr_line' id='line_1_40' title="bbox 1005 4555 1023 4615; baseline 0 0"><span class='ocrx_word' id='word_1_314' title='bbox 1005 4555 1023 4615; x_wconf 81' lang='lat'><strong>5</strong></span> 
     </span>
    </p>
   </div>
   <div class='ocr_carea' id='block_1_5' title="bbox 0 0 1442 5048">
    <p class='ocr_par' dir='ltr' id='par_1_8' title="bbox 0 0 1442 5048">
     <span class='ocr_line' id='line_1_41' title="bbox 0 0 1442 5048; baseline 0 3"><span class='ocrx_word' id='word_1_315' title='bbox 0 0 1442 5048; x_wconf 95' lang='lat' dir='ltr'><strong> </strong></span> 
     </span>
    </p>
   </div>
  </div>
 </body>
</html>
