2874 5048
750 321 797 387 72

261 519 454 607 Archetypus
480 517 631 583 habebat:
658 538 717 580 nec
740 527 854 579 tamen
877 528 927 579 eet
950 519 1012 603 qui
1034 519 1128 596 tam3
1150 517 1224 583 inde
1247 519 1343 587 Vos-

216 629 372 692 sianorum
391 637 421 689 et
449 623 621 688 bertiniani
642 624 704 709 qui
725 644 800 685 acm
811 648 824 699 3
855 623 1016 699 Vaticani,
1038 625 1179 701 Faern,
1196 625 1339 692 Tettian.

215 735 277 820 qui
300 753 383 798 eom.
431 728 501 793 Est
522 729 556 793 in
584 738 623 792 ut
645 727 870 812 depravatum,
893 739 927 792 ut
947 740 1068 815 regeret
1092 730 1339 816 subjunctivum

215 839 462 914 insinuentur,
486 847 516 899 et
543 833 665 911 denuo,
695 845 768 898 aute
790 845 851 910 ct,
878 835 911 897 in
934 834 1045 901 Faern.
1067 845 1098 899 et
1119 836 1251 904 Tettian.
1281 847 1339 899 est

212 944 335 1030 illatum
362 942 400 1007 ad
430 963 554 1006 sensum
583 939 791 1006 fulciendum.
845 939 894 1003 Ita
919 950 951 1014 et
983 941 1049 1005 729
1079 963 1117 1005 ex
1147 944 1221 1006 iam
1251 964 1337 1026 pro-

212 1051 401 1115 factumest
426 1069 501 1112 com
532 1058 562 1110 et
595 1067 694 1122 com3
729 1067 765 1109 ex
802 1067 898 1122 oum,
934 1067 1062 1130 quum,-
1095 1046 1170 1112 hinc
1203 1069 1333 1135 quam3

213 1154 289 1221 binc
313 1155 425 1240 quusi.

259 1249 370 1341 Quam·
387 1258 557 1345 prudentor
576 1257 744 1322 Lambinus
766 1258 864 1343 egerit
893 1258 927 1321 iu
964 1257 1123 1324 codicibus
1145 1258 1335 1325 adhibendis

215 1387 346 1452 seraque
368 1366 502 1429 lectione
532 1362 605 1427 inde
631 1362 767 1427 eruenda
794 1364 927 1447 probent
950 1362 1027 1427 haec
1056 1387 1073 1427 a
1096 1365 1267 1440 Lambiuo,
1289 1367 1333 1430 ad

212 1471 298 1536 hunc
326 1472 431 1535 locum
459 1478 624 1545 annotata,
651 1489 732 1553 quae
759 1469 879 1532 animus
907 1468 1082 1533 adscribere
1107 1469 1198 1553 jubet
1219 1482 1333 1536 contra

212 1578 463 1642 obtrectatorum*
490 1567 631 1640 Lambini
666 1576 897 1638 accusationes:
956 1576 1168 1656 »Primum,’'
1200 1578 1327 1662 inquit,

123 1741 125 1746 .
213 1683 446 1767 »antiquorum
477 1681 629 1745 librorum
655 1681 822 1764 scripturas
851 1681 949 1746 oculis
987 1680 1141 1745 lectorum
1173 1681 1328 1764 subjicio:

212 1788 324 1854 deiude
347 1809 383 1851 err
406 1787 445 1850 iis
474 1785 635 1870 scripturis
665 1807 759 1849 unam
784 1786 894 1863 elicio,
925 1809 1005 1873 quae
1034 1798 1065 1851 et
1089 1786 1129 1850 ad
1152 1787 1219 1852 illas
1246 1811 1328 1874 pro-

212 1896 294 1959 xime
322 1891 467 1968 accedat,
507 1902 538 1956 et
561 1891 770 1955 elocutionem
793 1892 1008 1957 Lucretianam
1036 1892 1137 1970 oleat,
1163 1904 1210 1969 et,
1238 1896 1327 1979 quod

214 2009 308 2081 eaput
336 2008 398 2072 est,
427 1996 609 2059 sententiam
639 2017 712 2060 cum
735 1995 773 2058 iis
800 2008 830 2061 et
857 2019 937 2082 quae
963 1997 1170 2077 antecedunt,
1197 2012 1229 2063 et
1243 2021 1326 2085 quae

82 2165 93 2188 ,
211 2113 401 2188 sequnntur,
427 2112 665 2167 consentaneam
683 2101 868 2186 exprimat.’'
915 2104 1021 2168 Unum
1045 2102 1260 2169 tantummodo
1288 2129 1325 2172 ex

212 2208 320 2273 officiis
349 2207 527 2292 interpretis
562 2207 786 2292 praetermisit,
824 2230 937 2295 nempe
966 2219 1143 2274 accuratam
1170 2210 1324 2296 cujusque

211 2313 328 2380 codicis
362 2312 489 2398 originis
526 2312 779 2397 auctoritatisque
812 2313 1065 2398 inquisitionem,
1102 2313 1189 2399 quod
1216 2316 1325 2381 sitium

211 2432 315 2484 tamen
342 2418 440 2504 magis
474 2416 540 2500 ejus
568 2419 774 2503 temporibus,
815 2440 909 2504 quam
939 2419 997 2505 ipsi
1027 2419 1189 2497 adhaeret,
1217 2441 1322 2505 neque

209 2525 243 2588 in
271 2525 337 2608 ejus
358 2523 397 2586 de
415 2523 559 2586 Lucretio
588 2523 696 2587 studiis
722 2545 872 2610 maguum
894 2525 1002 2589 intulit
1023 2524 1191 2604 damnum,
1217 2543 1319 2611 quum

209 2629 352 2702 codices,
381 2648 460 2713 quos
486 2627 682 2704 adhibuerit,
709 2629 847 2713 ejusdem
879 2632 944 2696 fere
969 2631 1087 2695 fuerint
1118 2633 1320 2716 praestantiae

207 2733 470 2819 auctoritatisque.
518 2733 569 2798 An
598 2755 671 2798 vero
692 2738 895 2819 posteriores,
925 2756 1026 2821 usquc
1048 2735 1087 2800 ad
1107 2737 1313 2824 Madvigium,

207 2841 319 2906 melius
345 2840 495 2904 Lambino
519 2841 659 2926 egerint,
684 2841 744 2924 ipsi
767 2840 911 2909 viderint.

254 2949 295 3022 3,
313 2948 389 3011 776.
437 2945 553 3010 Omnes
586 2945 726 3022 codices,
763 2948 788 3010 si
826 2947 996 3033 Forbigero
1030 2947 1125 3025 fides,
1155 2949 1313 3014 exhibent:

198 3052 281 3138 jam
305 3048 452 3112 mortali
461 3072 476 3125 ,·
504 3061 589 3113 certo
619 3049 715 3114 codex
738 3049 936 3116 Bertiniauus
964 3063 995 3117 et
1019 3053 1186 3119 Vossianus
1211 3065 1314 3132 vetus;

205 3156 258 3220 sed
286 3155 331 3218 uti
355 3153 526 3237 antiquitus
551 3156 731 3240 legebatur:
755 3167 837 3218 sunt
861 3157 1314 3234 immortali-restituendum

204 3261 336 3326 ridetur.
381 3259 509 3322 Nonnisi
538 3260 690 3344 particula
717 3264 869 3346 expletiva
888 3273 965 3328 esset
983 3265 1085 3349 jam,
1116 3265 1199 3348 quod
1214 3277 1314 3330 ortum

205 3378 307 3431 estex
335 3366 402 3438 im,
429 3365 535 3428 avulso
560 3387 577 3428 a
604 3367 760 3430 rncrtali.
807 3369 919 3434 Contra
954 3391 1046 3454 supra
1081 3368 1211 3434 vidimus
1231 3372 1312 3456 jam

203 3471 311 3537 abiisse
339 3469 374 3532 in
404 3489 501 3543 cum,
532 3491 656 3554 quam,
688 3475 801 3556 quasi.
848 3474 966 3539 Omnes
996 3475 1069 3538 illae
1094 3476 1247 3562 lacrymae
1274 3497 1308 3540 ex

203 3575 421 3662 compendiosa
451 3573 610 3663 archetypi
633 3577 799 3661 scripturi.

249 3685 290 3759 3,
313 3683 389 3746 790.
437 3681 552 3746 Eodem
575 3680 667 3764 jure,
694 3703 757 3767 quo
786 3707 876 3749 versu
901 3689 986 3764 676,
1020 3687 1247 3782 prolongius
1270 3688 1310 3750 ri-

201 3790 292 3854 detur
313 3785 390 3850 mihi
418 3785 608 3871 legendum:
643 3788 817 3876 longitor,
843 3791 928 3876 quod
951 3792 1016 3874 jam
1043 3793 1210 3856 Lambinus
1235 3815 1310 3857 non·

199 3895 303 3959 nullos
328 3891 433 3956 doctos
459 3891 562 3977 legere
579 3905 741 3978 memorat.
788 3897 1018 3981 Comparatirus
1037 3897 1121 3960 enim
1139 3896 1191 3960 hie
1213 3898 1306 3961 multo

155 4018 162 4030 ‘
199 3999 303 4064 minus
323 3997 415 4058 etiam
435 3997 579 4061 convenit
590 3996 837 4087 ,ff'quamjssrersu
867 4005 954 4077 676,
975 4001 1051 4088 quin
1077 4002 1151 4065 t'erri
1172 4025 1237 4066 non
1259 4024 1308 4087 po-

198 4117 267 4171 test.
315 4099 471 4186 Longius
500 4111 544 4164 est
570 4105 678 4167 trimis
706 4106 825 4193 longe,
862 4105 959 4169 ualde
990 4105 1106 4192 longo,
1138 4106 1192 4171 sed
1221 4114 1306 4191 potita

199 4234 240 4277 ne
260 4209 364 4277 abesse
389 4206 516 4292 quidem
546 4209 674 4274 omnino
699 4234 716 4276 a
747 4213 829 4276 renis
856 4223 886 4276 ct
911 4211 1061 4299 sanguine
1087 4212 1223 4276 animam
1247 4213 1306 4275 vult

197 4314 382 4402 significare.
430 4312 475 4377 Ita
508 4325 538 4379 ct
564 4315 731 4400 legendum
762 4323 803 4397 5,
836 4319 911 4398 134,
967 4319 1003 4381 In
1033 4341 1074 4382 rs.
1109 4318 1171 4381 791
1209 4317 1308 4404 negli-

199 4433 308 4512 genter
334 4417 482 4504 Forbiger
504 4422 618 4503 possit
638 4444 694 4506 pro
716 4435 842 4508 posset,
879 4422 965 4508 quod
992 4423 1087 4490 tacite
1115 4422 1238 4508 scripsit
1269 4423 1309 4487 rir
