2920 5044
625 334 852 432 ετ,

17 563 22 570 ’
134 577 197 642 quo
230 565 332 620 motus
361 551 494 637 rapidior
528 563 558 615 et
589 553 740 636 protrusio
775 553 1029 639 glomeraminum
1063 557 1246 638 denotetur,

44 669 53 676 '
132 681 227 746 quam
250 659 350 723 lenius
370 657 556 722 vocabulum
573 677 771 740 procureur.

179 769 217 842 2,
241 767 318 829 512.
365 762 490 826 Codices
525 762 640 826 babent
674 784 735 827 non
764 765 867 848 quin,
902 763 953 828 sed
985 767 1034 829 in.
1086 767 1181 852 Quin
1204 779 1248 831 est

101 928 103 934 .
133 871 311 954 conjectura
328 868 545 944 Wakefieldii,
570 879 663 932 certo
686 879 718 931 et
739 869 870 949 Gifanii;
907 870 958 934 sed
989 893 1051 935 non
1081 875 1247 938 necessario

134 977 246 1062 copula
264 977 445 1062 requiritur,
465 977 489 1038 si
507 975 707 1059 accipiamus,
725 976 831 1038 rerba:
851 977 891 1037 in
903 976 1249 1056 rebus-summam

133 1083 166 1146 in
187 1081 362 1167 parenthesi
385 1103 446 1144 esse
466 1083 584 1165 posita,
617 1082 657 1143 ita
686 1093 722 1144 ut
743 1083 928 1145 constructio
953 1084 1010 1145 sit:
1045 1106 1249 1172 aquaeque·

133 1189 219 1252 niam
250 1209 312 1251 non
343 1198 431 1261 sunt,
465 1188 578 1249 fateare
605 1207 725 1250 necesse
753 1197 797 1249 est
829 1193 913 1250 etc.”
961 1187 1021 1252 Sed
1053 1189 1250 1255 vehementer

134 1292 274 1378 displicet
299 1303 329 1356 et
355 1291 480 1355 offendit
503 1289 660 1367 reddito,
692 1291 776 1375 quod
804 1291 947 1356 lubenter
964 1304 1083 1356 mutare
1106 1296 1196 1358 velim
1218 1298 1249 1358 in

134 1398 193 1462 aad
210 1398 316 1475 dota3
336 1399 378 1460 sic
409 1398 507 1460 omnis
527 1394 690 1460 difficultas
713 1400 874 1462 evanescit.
921 1399 1022 1463 Facile
1054 1399 1131 1464 baec
1157 1396 1249 1465 rerba

134 1504 289 1588 corrumpi
313 1513 491 1588 potuerunt.
767 1514 770 1518 ’

179 1612 220 1688 2,
244 1611 322 1674 666.
370 1610 481 1672 Mirum
503 1609 535 1671 in
557 1608 685 1672 modum
707 1607 815 1672 hocin
840 1631 924 1692 versu
946 1622 1025 1673 errat
1040 1632 1114 1674 cum
1132 1613 1249 1675 Wake-

135 1714 238 1780 fieldio
261 1715 407 1799 Ilorbiger
427 1715 577 1778 scribens:
614 1713 694 1778 dinc
715 1737 819 1798 porro
852 1719 1005 1800 quemvis
1035 1719 1249 1780 animantem

136 1843 177 1886 ec
198 1820 354 1884 omnihus
375 1842 461 1896 uara,
482 1819 676 1906 probansque
698 1821 932 1905 explicationem
953 1821 1249 1902 Wakefieldianam:

138 1919 231 1991 »sirm
255 1949 339 2004 ossa,
366 1947 445 1988 unus
464 1947 555 1988 cruor
576 1938 636 1992 etc.
657 1928 775 1998 valent,
804 1948 867 1989 ossa
898 1937 929 1990 et
955 1947 1045 1990 cruor
1070 1940 1132 1990 tam
1162 1928 1249 1990 simi·

138 2035 200 2110 lia,
232 2045 268 2096 ut
295 2032 401 2097 eadem
415 2052 544 2115 prorsus
573 2033 606 2094 in
630 2032 813 2095 animalibus
836 2032 979 2095 omnibus
1003 2033 1095 2096 rideri
1114 2034 1247 2117 possint;

138 2151 312 2215 ettamen,
343 2149 503 2223 uteunque
535 2139 658 2215 affinia,
693 2137 731 2200 de
755 2139 908 2222 principiis
936 2149 1001 2201 toto
1029 2139 1115 2201 coelo
1137 2138 1250 2202 distan-

137 2245 218 2308 tibus
240 2247 504 2329 componuntur.’'
551 2243 653 2318 Hem,
674 2241 805 2306 hoccine
827 2254 871 2306 est
890 2244 1120 2327 interpretaril,
1148 2243 1250 2323 Quam

138 2351 212 2413 falsa
245 2349 322 2412 haec
354 2349 432 2424 sint,
462 2348 635 2411 luculenter
670 2347 849 2432 apparebit,
882 2349 906 2410 si
941 2369 1053 2410 nexum
1077 2347 1170 2430 hujus
1191 2349 1250 2411 loci

103 2499 105 2502 -
140 2475 214 2520 cum
239 2452 489 2518 antecedentibus
512 2465 542 2517 et
561 2454 760 2539 sequentibus
780 2455 1029 2545 perspexerimus.
1079 2455 1144 2520 Vss.
1161 2455 1252 2518 582-

137 2563 182 2626 89
204 2562 308 2645 ponit:
334 2582 350 2621 o
365 2560 409 2622 nil
431 2581 511 2636 esse,
535 2561 568 2622 in
587 2571 710 2644 promtu
728 2581 861 2646 quorum
885 2571 993 2623 natura
1012 2559 1145 2634 videtur,
1166 2560 1251 2645 quod

139 2686 250 2753 genere
282 2687 317 2727 ex
349 2685 413 2728 nno
443 2665 584 2728 consistat
613 2666 849 2749 principiorum:
872 2665 1144 2751 necquidquam,
1167 2666 1252 2752 quod

138 2794 200 2836 non
233 2770 381 2854 permixto
414 2770 529 2833 semine
557 2781 676 2834 constat
685 2776 719 2847 ,”
746 2773 767 2834 i.
790 2793 818 2834 e.
846 2773 987 2857 quamvis
1008 2793 1092 2847 rem,
1116 2773 1252 2836 sensibus

138 2877 349 2952 manifestam,
370 2876 456 2938 rariis
478 2875 645 2962 multisque
664 2861 818 2961 principiis
843 2897 896 2948 seu
926 2877 1082 2940 elementis
1104 2888 1251 2940 constare.

137 2984 204 3046 Hoc
234 2982 369 3066 primum
400 2980 530 3044 illustrat
553 2982 693 3066 exemplo
716 2983 831 3046 telluris
854 3003 896 3045 vs.
923 2983 989 3046 590
1010 3003 1077 3067 sqq.
1105 3003 1141 3044 ox
1164 2984 1254 3065 cujus

139 3086 347 3164 foecunditate
377 3088 481 3150 transit
512 3086 550 3150 ad
575 3090 726 3170 poeticam
748 3087 983 3172 descriptionem
1004 3086 1148 3172 Cybeles,
1170 3090 1247 3151 ima·
1351 3094 1354 3098 ’

140 3193 244 3279 ginem
271 3190 442 3256 foecundae
474 3194 639 3278 cultaeque
671 3193 787 3256 telluris
810 3193 982 3272 referentis;
1017 3193 1131 3278 quibus
1156 3195 1254 3257 inter-

136 3298 248 3381 jectis,
272 3319 357 3360 versu
380 3287 446 3361 650
473 3298 565 3361 verbo
585 3301 702 3384 itaque
722 3297 821 3375 redit,
842 3299 924 3362 unde
947 3300 1095 3385 digressus
1118 3311 1197 3378 erat,
1224 3311 1263 3362 et.

141 3401 273 3469 ostendit
304 3405 336 3467 in
368 3403 504 3467 secundo
537 3387 695 3489 exemplo:
724 3406 804 3468 varia
838 3427 899 3468 esse
922 3407 1072 3490 principia
1093 3407 1125 3468 in
1148 3406 1255 3491 quovis

140 3529 251 3595 genere
275 3507 409 3586 herbae,
437 3510 469 3572 in
492 3530 619 3595 quoque
637 3511 787 3589 flumine3
819 3512 908 3573 tertio
933 3520 1069 3573 nostrum
1093 3509 1181 3573 affert
1209 3511 1255 3572 lo·

141 3635 216 3678 cum
241 3612 435 3702 (668-7r);
469 3625 579 3700 quarto
611 3617 708 3678 utitur
733 3616 872 3700 exemplo
902 3616 980 3699 ignis
1011 3615 1057 3678 rel
1079 3614 1258 3677 nutrimenti

81 3696 85 3714 ι
141 3721 219 3805 ignis
248 3721 281 3782 in
304 3721 484 3804 corporibus
511 3722 649 3799 latentis3
677 3732 708 3784 et
737 3723 779 3783 sic
805 3743 841 3784 ex
864 3719 910 3781 bis
932 3719 1075 3802 exemplis
1097 3717 1136 3781 ad
1156 3731 1257 3783 cetera

145 3822 324 3900 concludit,
359 3827 425 3890 676
443 3828 478 3889 'dr
496 3827 561 3901 78,
596 3848 654 3890 nec
689 3837 793 3889 tamen
824 3826 881 3888 alia
910 3827 1048 3910 exempla
1072 3822 1150 3910 (679
1172 3821 1254 3911 sqq.)

142 3929 330 4013 subjungere
352 3930 492 4015 negligit.

187 4036 232 4097 Ex
261 4033 344 4097 bisce
366 4046 453 4120 patet
479 4057 581 4099 versus
606 4039 750 4102 667-71
780 4036 937 4100 continere
959 4035 1158 4119 exemplum,
1194 4047 1263 4121 quo·

143 4142 331 4218 illustraret,
362 4162 443 4226 quae
469 4143 610 4206 585-86
641 4153 804 4228 posuerat,
832 4149 934 4225 poeta.
981 4141 1023 4204 Ut
1054 4144 1258 4222 maximopere

144 4247 263 4311 diversa
289 4256 321 4308 et
348 4244 525 4323 dissimilia,
558 4258 733 4324 enumerat,
764 4247 850 4310 hunc
873 4248 907 4310 in
939 4245 1050 4308 finenm
1084 4263 1148 4307 ossa
1168 4267 1259 4310 cruo-

145 4372 210 4415 rem
243 4371 334 4415 renas
364 4352 496 4415 calorem
533 4352 695 4418 humorem
727 4355 840 4418 viscera
868 4371 983 4415 nervos.
1042 4348 1125 4430 Quid
1154 4361 1259 4414 autern

147 4456 233 4523 aliud
255 4457 326 4522 inde
348 4460 477 4543 probare
504 4462 610 4544 possit,
643 4482 739 4546 qnam
761 4459 855 4524 illud:
886 4477 997 4542 corpus
1028 4455 1162 4538 cujusvis
1188 4459 1258 4522 ani-
