2920 5044
656 374 798 458 ,eo

254 574 313 637 Sed
345 593 384 634 oe
408 570 455 633 rel
475 569 519 632 eie
541 565 666 652 quidem
687 565 762 630 haec
788 564 818 652 (a
840 565 1032 658 ooo-665),
1056 580 1138 634 recto
1159 570 1323 636 rehabere

212 681 370 752 ridentur,
406 696 464 740 nec
490 685 561 758 apte
593 672 760 737 cohaerent
789 675 855 737 656
888 675 919 735 do
955 678 982 737 7
1009 668 1082 739 eum
1113 679 1324 764 sequentibus.

209 789 409 872 Expungatur
442 803 544 845 versus
567 781 651 855 657,
687 779 802 843 nullius
837 780 946 863 pretii,
988 781 1068 846 forte
1103 784 1255 849 conflatus
1284 807 1322 848 ex

210 895 274 958 648
296 893 327 954 d
349 892 410 964 49,
435 900 466 951 et
493 898 574 951 totus
598 887 687 949 loeus
711 885 752 948 ita
780 885 1070 972 interpungendue:

254 1126 270 1165 >r
284 1102 328 1167 Id
344 1122 471 1188 quoque
489 1102 520 1162 ei
530 1097 692 1182 faciant,
713 1085 908 1162 admirtum
932 1099 1031 1164 reduc
1051 1102 1172 1178 iuoue3
1193 1098 1264 1188 (eet)

254 1209 334 1285 Sed,
361 1210 445 1294 quic
465 1197 570 1270 martti
590 1205 660 1268 eidi
680 1215 821 1268 cernunt
842 1190 1021 1270 coutroriu
1041 1229 1197 1285 cmurue,

254 1314 306 1378 Et
321 1313 488 1401 fugitant
507 1315 545 1374 in
566 1311 664 1374 reduc
684 1312 786 1373 inum
807 1311 999 1396 relinquere
1013 1336 1164 1397 purum,

253 1419 376 1506 Ardua
398 1419 478 1483 dum
496 1429 667 1492 metuunt,
694 1418 862 1480 omittunt
882 1440 962 1482 vero
981 1421 1070 1498 ciui,-

254 1525 323 1590 Nec
343 1545 485 1589 rarreum
501 1535 662 1598 cernunt,
683 1535 833 1608 earmpto
853 1523 952 1588 rebus
973 1526 1097 1602 irruere,

254 1633 379 1698 Omnia
402 1630 570 1696 demeri.”
596 1667 637 1680 -

252 1844 305 1906 sic
333 1843 433 1906 omnia
459 1843 561 1925 plana.
609 1841 722 1904 Sensus
749 1841 911 1925 perspicue
934 1853 978 1904 est
1005 1840 1077 1906 hic:
1113 1855 1268 1926 praeterea
1294 1845 1320 1908 si

207 1960 341 2012 statuant
367 1950 455 2032 ignes
481 1947 602 2010 denseri
630 1957 661 2009 et
684 1946 838 2022 rarefieri,
860 1948 1032 2010 rieoessario
1053 1959 1186 2012 statuere
1207 1949 1323 2014 dehent

206 2054 301 2117 inane
329 2054 421 2118 rebus
446 2074 511 2116 esse
535 2052 726 2129 admixtum3
759 2051 810 2115 sed
842 2051 1003 2116 contrariis
1039 2054 1159 2117 confusi
1184 2077 1243 2118 neo
1262 2077 1323 2118 au-

171 2189 172 2192 *
209 2159 316 2223 dentes
344 2159 435 2222 inane
466 2169 618 2234 statuere,
650 2155 710 2221 hoc
734 2157 799 2243 ipso
830 2170 915 2220 metu
947 2159 992 2220 rel
1014 2151 1218 2222 donaveram
1243 2160 1322 2224 riam

159 2301 161 2306 ·
207 2265 451 2351 derelinquunt,
479 2265 544 2329 scit.
567 2265 659 2327 inane
679 2263 851 2327 admixtum
872 2285 935 2328 esse
963 2264 1070 2343 rebus;
1102 2275 1133 2328 et
1154 2287 1216 2330 uon
1245 2287 1321 2350 per-

143 2355 148 2362 ’
208 2372 343 2456 spiciunt
380 2393 412 2434 se
449 2371 505 2435 sibi
541 2371 695 2435 contraria
734 2379 884 2444 statuero,
925 2391 997 2434 cum
1025 2371 1128 2434 inore
1149 2372 1322 2436 necessario

210 2478 382 2561 postuletur
413 2489 447 2540 ut
477 2478 563 2563 ignes
594 2476 711 2560 possint
735 2475 886 2540 rarefiari.
974 2546 980 2558 ,

260 2584 394 2656 1,661.
445 2585 555 2666 Leges:
575 2581 737 2646 deeedeae.
780 2581 825 2658 G,
851 2584 897 2664 X,
919 2582 943 2644 Z
966 2593 996 2645 et
1019 2605 1035 2645 a
1056 2583 1155 2668 prima
1177 2606 1269 2648 manu
1292 2584 1322 2649 Y

209 2687 343 2774 habeut‘
353 2686 543 2751 descendere
559 2687 611 2752 sed
632 2687 665 2751 in
686 2688 914 2764 Yeorrectum
934 2687 966 2752 in
989 2686 1163 2752 decedere?
1181 2691 1222 2754 ef.
1241 2711 1323 2774 quae

209 2793 300 2858 docte
320 2792 359 2857 de
380 2791 574 2856 distrahere
592 2806 622 2857 et
639 2790 833 2870 detrahere,
863 2793 1053 2857 diminuere
1078 2804 1109 2857 et
1133 2793 1324 2860 deminuere

208 2899 374 2983 ojspuaar
400 2900 530 2963 steteris
551 2901 584 2962 in
611 2885 737 2981 puteo.
772 2901 863 2965 uuor.
886 2921 917 2984 p.
943 2902 1009 2963 44-
1024 2905 1076 2966 ro.
1121 2901 1187 2964 uec
1212 2902 1322 2967 roru-

209 3019 317 3094 gerum
346 3005 470 3090 adjuvat
498 3009 535 3081 3,
558 3009 634 3071 973.
681 3007 750 3069 ,tta
779 3006 862 3069 enim
901 3005 943 3069 ibi
972 3018 1017 3070 est
1038 3006 1115 3070 ratio
1139 3029 1197 3071 cur
1214 3005 1321 3072 diece-

208 3112 285 3176 dere
305 3135 376 3176 usus
406 3123 449 3176 est
473 3123 572 3198 poeta.
623 3111 669 3176 tbi
695 3113 734 3176 de
755 3112 888 3176 discessu
907 3112 1005 3177 invito
1023 3114 1140 3199 cogitat
1162 3111 1241 3199 (zich
1260 3113 1321 3176 los·

210 3216 360 3304 rokken).
723 3217 726 3222 ’

258 3328 389 3400 1‚704.
437 3309 584 3410 Forbiger
609 3319 692 3389 oum¹
708 3326 849 3390 omnibus
878 3326 1047 3391 editoribus
1081 3327 1198 3411 recepit
1223 3349 1318 3392 eum-

208 3453 311 3499 mom.
359 3413 420 3494 Sed
447 3429 525 3495 illud
558 3432 815 3516 praetermittitur
842 3433 966 3518 optimis
998 3433 1155 3499 codicibus
1175 3435 1203 3498 G
1226 3433 1317 3510 etZ,

209 3559 267 3603 uec
293 3549 354 3612 est,
378 3557 435 3599 cur
462 3537 562 3621 potius
593 3558 761 3601 eumenem
782 3559 876 3622 quam
904 3538 987 3603 atiud
1010 3539 1165 3623 quoddam
1187 3538 1320 3602 voeabu-

208 3647 274 3708 lum
292 3643 472 3708 inseramus.
724 3710 727 3715 ,

255 3747 383 3812 Accedit
405 3760 509 3812 autem
536 3748 620 3833 quod
649 3771 689 3812 ue
720 3771 841 3814 sensum
871 3749 999 3836 quidem
1024 3751 1198 3836 expeditum
1228 3749 1321 3815 habet

194 3877 385 3922 eummom.
433 3856 519 3918 Latet
548 3855 650 3929 enim,
676 3856 774 3938 qualis
804 3876 1002 3940 quarumque
1021 3869 1124 3919 rerum
1143 3877 1262 3920 summa
1284 3855 1321 3920 sit

208 3960 427 4044 intelligenda,
449 3969 556 4043 atque,
580 3961 604 4022 si
626 3960 798 4043 arripiatur
816 3966 870 4045 p'ro
890 3963 1041 4024 emerium
1055 3983 1172 4025 rerum
1190 3983 1322 4026 summo

210 4078 263 4131 aut
296 4066 431 4152 ignium
462 4087 615 4142 remma,
648 4086 772 4150 prorsus
797 4067 929 4132 absurda
952 4068 1015 4132 dici
1043 4069 1240 4132 manifestum
1264 4079 1320 4134 est.

209 4334 317 4389 litorei.
344 4339 384 4386 Ita
407 4341 493 4397 aurat,
517 4341 593 4399 eurt3
616 4339 744 4400 dominoi,
764 4340 883 4401 domiuo;
900 4341 995 4412 vestet,
1014 4347 1098 4402 reste3
1116 4341 1215 4402 inanei,
1230 4341 1321 4402 inane

211 4422 319 4481 fructui,
343 4419 439 4478 fruetu3
464 4421 532 4485 spei,
560 4437 613 4485 spe.
649 4422 730 4471 Plura
752 4423 827 4486 hujus
851 4424 1015 4475 derivationis
1042 4424 1150 4488 vestigia
1175 4431 1323 4487 supersunt,

211 4505 262 4555 alia
280 4505 374 4554 delevit
391 4519 452 4553 usus
470 4513 599 4568 tyrannus.
