2920 5044
667 349 715 411 55

132 546 220 618 cieo,
259 554 288 606 et
322 563 376 626 pro
411 563 573 627 quousque
604 539 779 603 videntum
811 541 998 630 (conjectura
1030 549 1242 637 Wakefieldii)

134 649 273 712 Lambini
294 645 614 712 codiceshabebant:
644 669 784 732 cumque,
805 647 984 727 videmur,-
1004 653 1165 719 uidentur·
1188 657 1242 721 ha-

130 755 205 818 bent
226 753 311 817 Gott.
331 763 361 816 et
382 751 473 814 codd.
492 753 600 826 Voss,
623 751 673 814 sed
697 754 728 814 in
749 755 887 837 margine
910 756 1072 823 uidentes.

176 861 256 922 Hinc
287 857 527 922 restituendum:
562 859 674 920 omnia
706 859 797 921 euim
826 863 965 943 species,
1004 885 1089 949 quoe
1119 867 1244 930 mulcet

133 989 261 1053 cunque
283 964 445 1029 videntes.
493 962 531 1029 V
529 963 659 1026 identat
692 967 774 1026 enim
806 965 838 1027 in
870 965 1032 1032 videntur
1063 981 1243 1057 corruptum

132 1073 272 1148 ridetur,
304 1072 377 1156 qnia
408 1069 548 1133 librarius
579 1071 610 1133 in
641 1091 768 1155 cunque
802 1071 981 1153 conjunctio
1013 1097 1118 1160 quum
1149 1079 1242 1142 latere

132 1179 271 1264 putabat.

176 1284 215 1346 llt
248 1284 290 1345 sic
321 1301 423 1344 sensus
455 1291 537 1342 recte
567 1269 629 1343 sese
659 1279 764 1346 habet.
812 1280 987 1367 Opponitur
1014 1288 1096 1349 enim
1120 1299 1243 1353 externa

132 1391 246 1474 speeies
275 1388 389 1450 sensilis
417 1387 589 1471 principiali
622 1388 732 1450 laerori
756 1385 848 1476 (823)
871 1391 892 1452 i.
917 1410 944 1453 e.
969 1392 1100 1456 laevitati
1129 1396 1263 1478 princi··

133 1496 254 1579 piorum
277 1514 330 1556 seu
356 1493 600 1566 elementorum,
629 1513 710 1577 quae
736 1495 838 1557 sentiri
870 1497 997 1580 nequit,
1027 1497 1078 1561 sed
1102 1521 1138 1562 ex
1160 1511 1245 1585 grata

133 1612 164 1664 et
188 1599 337 1664 mulcenti
360 1599 456 1661 risum
476 1599 576 1680 specie
597 1609 718 1662 externa
742 1598 842 1662 adesse
865 1604 1005 1664 sumitur.
1053 1603 1244 1670 Contrarium

132 1705 246 1769 dicitur
268 1707 301 1767 in
326 1704 391 1766 424
412 1705 444 1766 dn
466 1705 519 1766 25.

177 1815 217 1887 2,
245 1812 307 1876 437
317 1810 479 1878 -39..si
513 1808 590 1872 haec
621 1830 694 1872 cum
726 1812 931 1895 superioribus
954 1823 1035 1876 arcte
1053 1814 1167 1899 jungas
1191 1839 1245 1901 per

132 1939 273 1990 comme,
295 1916 481 1990 necessario,
517 1937 555 1978 ne
584 1936 679 1977 nexus
711 1926 834 1999 pereat,
868 1918 899 1978 in
922 1920 1067 2001 superiori
1092 1941 1177 1983 vorsu
1200 1923 1244 1985 le·

132 2022 287 2108 gendum:
311 2043 415 2106 puae,
449 2023 488 2083 in
520 2041 657 2103 corpore
689 2031 791 2096 neto,
822 2021 921 2104 ejecto
949 2033 1019 2098 eata
1048 2022 1100 2086 sed
1125 2025 1244 2090 facilior

131 2132 199 2193 loco
230 2127 382 2190 medicina
412 2126 573 2199 afferetur,
605 2127 627 2187 si
660 2138 727 2209 post
759 2136 808 2189 eat
830 2138 962 2209 ponatur
983 2139 1157 2211 punctum,
1190 2143 1244 2195 aut

129 2236 234 2299 saltem
257 2233 431 2296 semicolon.
481 2231 624 2295 Ceterum
646 2230 950 2294 animadvertendum
971 2255 988 2294 a
1006 2234 1148 2297 Lucretio
1169 2258 1244 2298 cen·

131 2343 223 2403 citur
253 2359 337 2403 nunc
370 2339 539 2422 penultima
576 2337 689 2422 longa,
716 2357 800 2400 nunc
821 2337 905 2401 brevi
935 2337 1094 2414 adhiberi,
1126 2321 1161 2402 ul
1192 2340 1242 2406 hic

131 2447 215 2512 brevi
247 2456 277 2509 et
300 2450 340 2520 2,
362 2445 428 2507 239
450 2454 479 2507 et
503 2445 540 2519 4,
567 2445 649 2517 189,
671 2444 713 2506 sic
736 2455 843 2506 contra
867 2449 904 2520 2,
930 2445 994 2508 267
1020 2427 1170 2510 »concita
1189 2468 1244 2531 per

129 2557 235 2616 artus’'
269 2551 361 2635 longia
395 2562 425 2613 et
459 2571 475 2611 n
491 2561 554 2613 toto
578 2551 698 2612 concita
717 2551 852 2634 pericula
872 2550 1034 2630 mundo;'’
1059 2553 1150 2616 citus
1174 2575 1243 2617 vero

128 2679 247 2743 semper
271 2657 361 2741 priori
384 2656 467 2718 brevi
489 2657 653 2720 invenitur.
677 2656 717 2718 cf.
741 2655 822 2719 Sieh.
847 2657 886 2736 Q.
908 2658 942 2719 L.
968 2680 996 2740 p.
1020 2661 1071 2720 15.
1228 2655 1231 2658 ’

170 2769 217 2839 ,2,
245 2764 320 2827 477.
368 2762 427 2824 Pro
449 2784 525 2852 quo¹
540 2763 657 2848 magia
678 2760 874 2824 scribendum
900 2761 1017 2824 videtur
1040 2785 1148 2848 quom.
1165 2786 1242 2828 mu·

127 2871 198 2957 gie.
246 2866 338 2948 Quod
370 2869 452 2930 enim
486 2866 598 2929 humor
621 2866 783 2950 primordia
807 2888 911 2950 aspera
939 2889 1029 2951 snpra
1061 2879 1152 2931 terras
1181 2871 1240 2934 lin·

128 2977 215 3062 quit,
240 2997 302 3038 non
325 2984 501 3047 estonum,
523 2995 580 3036 cur
598 2972 649 3036 illa
670 2976 702 3037 in
725 2975 809 3036 terris
830 2972 1024 3049 haerescunt,
1046 2974 1097 3037 sed
1116 2986 1238 3052 contra,

126 3081 210 3166 quod
244 3079 406 3163 primordia
438 3101 541 3163 aspera
574 3079 750 3143 haerescunt
782 3082 814 3144 in
849 3081 954 3154 terris,
991 3100 1083 3143 causa
1116 3091 1160 3144 est
1182 3101 1240 3145 cur

128 3184 242 3249 humor
264 3206 299 3248 ea
321 3186 462 3270 linquat,
488 3194 594 3268 utpote
614 3185 669 3270 qui
691 3206 754 3247 non
775 3205 861 3268 asper
882 3183 934 3247 sed
957 3185 1048 3248 laevis
1075 3197 1169 3272 atquc
1190 3207 1238 3251 ro·

126 3290 241 3354 tundus
264 3293 312 3353 sit.

173 3398 211 3472 2,
238 3398 314 3460 483.
361 3395 476 3460 Omnes
495 3398 558 3460 lete
581 3395 702 3460 codices
729 3396 874 3460 exhibent
892 3419 973 3461 uem
995 3419 1056 3482 que
1076 3399 1135 3475 iu,
1153 3398 1238 3485 quod
1336 3453 1343 3472 .

125 3505 252 3569 Siehelis
273 3505 306 3566 in
328 3525 472 3588 namque
492 3513 532 3566 ut
554 3515 675 3568 mutare
698 3505 782 3578 vult,
807 3503 858 3566 sed
880 3525 920 3566 ne
940 3504 984 3567 sic
1012 3503 1137 3590 quidem
1165 3526 1238 3602 sen-

124 3631 174 3672 sus
199 3612 318 3693 patet.
338 3630 395 3672 nec
418 3608 525 3694 patefit
548 3611 602 3672 riri
636 3609 718 3674 docti
745 3611 957 3695 explicatione.
1002 3610 1072 3696 lmo
1093 3609 1237 3674 standum

124 3715 269 3779 codicum
290 3715 413 3778 lectioni
434 3715 567 3792 ridetur,
588 3717 630 3778 sic
653 3716 851 3779 scribendae:
887 3711 1042 3800 Namque
1064 3717 1103 3776 ἐπ
1124 3715 1237 3780 eudem

123 3845 195 3886 uuo
210 3821 382 3907 cujusvis
399 3822 438 3883 in
456 3820 622 3886 brevitate
643 3824 799 3906 corporis
808 3846 821 3900 ,-
839 3832 869 3885 et
889 3820 1100 3906 explicandae:
1119 3844 1190 3885 nam
1203 3823 1237 3888 in

124 3951 186 3992 una
210 3925 380 4012 eademque
402 3949 451 4004 re,
477 3927 566 4011 cujus
588 3930 630 3991 ris
649 3929 704 3992 sita
730 3940 775 3992 est
796 3929 828 3991 in
851 3927 996 3990 brevitate
1019 3930 1152 4012 corporis
1167 3930 1188 3993 i.
1206 3951 1234 3994 e.

122 4054 204 4119 quae
228 4035 321 4099 solida
343 4047 387 4099 est
409 4046 533 4119 propter
556 4035 741 4118 paucitatem
765 4053 928 4118 corporum
949 4033 1064 4119 quibus
1095 4045 1234 4113 constat,

122 4139 241 4226 figurae
271 4143 403 4205 multum
436 4142 552 4205 variare
573 4162 636 4205 non
660 4151 795 4226 possunt.
842 4139 1155 4204 Animadvertendum
1173 4141 1235 4201 Lu-

123 4247 253 4310 cretium
279 4247 365 4333 loqui
387 4248 425 4311 dc
448 4246 553 4332 figuris
572 4258 745 4310 atomorum
773 4245 852 4334 (479
872 4249 905 4309 dn
926 4243 1008 4331 80),
1036 4265 1098 4307 non
1131 4265 1234 4308 rerum

124 4351 303 4436 sensilium3
326 4353 491 4418 ethorum
514 4365 596 4418 certe
617 4355 660 4417 vis
681 4365 805 4418 aeterna
836 4353 931 4437 posite
963 4361 1007 4413 est
1032 4351 1065 4412 in
1086 4349 1235 4414 soliditate

125 4469 157 4521 et
190 4443 392 4546 simplicitate.
416 4485 445 4528 r.
470 4483 501 4545 g.
536 4462 581 4539 1,¹
601 4463 664 4525 575
694 4460 733 4524 de
755 4461 881 4524 atomis:
906 4480 923 4520 r>
935 4467 1006 4522 sunt
1024 4457 1119 4542 igitur
1140 4456 1234 4522 solida
