2920 5044
689 331 712 394 9

152 532 313 617 gymnasiis
340 513 456 604 illatas,
487 512 634 612 optimam
665 524 741 588 hacc
771 526 857 588 initia
895 526 1137 615 jucundumque
1168 542 1262 617 captu

151 647 481 722 eorumconspectum
497 632 636 697 tradendi
658 633 737 699 riam
760 633 860 695 iniisse
884 631 962 696 mihi
991 633 1133 699 ridentur
1155 624 1268 723 poittae

150 743 294 830 Anglioi,
319 745 374 830 qui
394 744 425 805 in
445 741 571 826 singulis
593 741 655 802 fere
679 739 823 801 naturalis
841 739 985 803 scientiae
1007 742 1122 826 campis
1143 744 1264 828 singula
1293 775 1298 785 ν

152 860 393 935 composuernnt
415 855 558 933 poemata
582 845 732 910 didactica
759 844 771 933 (
794 841 819 931 )

196 957 352 1037 Quantam
384 965 487 1018 autem
531 953 602 1016 talia
636 958 778 1036 poem-ata
811 951 975 1014 utilitatem
996 951 1132 1016 habeant
1152 965 1261 1040 atque,

150 1083 223 1147 prae
246 1061 388 1147 rigidiore
409 1061 553 1123 scientiae
569 1060 690 1134 torma,
703 1056 934 1140 jucunditatem
955 1057 1000 1147 (in
1017 1059 1181 1143 juventute
1208 1060 1262 1124 do-

34 1153 36 1158 ·
150 1167 246 1232 conda
279 1189 342 1232 non
369 1167 452 1251 parri
483 1164 720 1244 aestimandam3
756 1163 840 1249 apud
868 1164 997 1248 juvenes
1023 1167 1105 1229 enirn
1135 1168 1167 1229 in
1200 1167 1263 1251 pri·

149 1275 206 1336 mis
238 1276 317 1341 valet
346 1273 445 1339 illud:
480 1271 572 1336 trahit
601 1294 656 1335 sua
684 1292 843 1356 quemque
866 1268 1014 1358 voluptas)
1046 1283 1076 1335 et
1105 1293 1259 1358 quaenam

149 1381 196 1442 ria
217 1380 248 1442 in
270 1401 376 1443 eorum
396 1376 547 1442 tractandi
567 1379 683 1443 ratione
706 1375 824 1439 doctori
855 1377 893 1438 sit
922 1375 1077 1452 ineunda,
1100 1379 1260 1462 perspicue

149 1495 180 1550 et
203 1507 272 1550 rere
296 1485 438 1568 exponit,
460 1481 636 1568 competens
657 1503 728 1544 sane
759 1482 791 1544 in
818 1479 864 1543 his
890 1480 1009 1564 juder,
1037 1480 1262 1546 Goethius

148 1593 181 1655 in
204 1592 376 1676 fragmento
396 1591 559 1674 inscripto:
584 1589 664 1651 fiber
685 1586 738 1650 das
758 1585 983 1671 Lchrgedicht‚
1007 1588 1127 1652 Werke
1144 1587 1201 1652 Th.
1225 1590 1258 1664 Ι,

148 1721 180 1782 p.
207 1699 288 1761 1031
316 1696 406 1780 cujus
428 1696 594 1769 verbam,
618 1714 700 1780 quac
723 1693 854 1756 manime
878 1690 942 1757 huc
964 1695 1133 1778 pertinent,
1149 1694 1259 1758 addere

150 1803 257 1866 lubet:
284 1802 537 1867 »Demruilter
569 1799 640 1866 und
663 1799 772 1886 titttg
790 1797 1107 1874 Betroclttendee,”
1137 1802 1260 1888 inquit,

134 1907 268 1995 ,astilit
300 1907 452 1996 roglee‘clr
482 1907 565 1994 auf,
608 1905 688 1970 dors
718 1905 773 1968 die
803 1905 1020 1968 didoiste'rclte
1054 1905 1172 1970 Poerie
1201 1930 1259 1971 um

148 2015 247 2079 ihrer·
281 2014 511 2100 Popularitrit
541 2014 658 2077 willon
680 2011 867 2076 reddtzher
895 2035 950 2096 rep
960 2038 974 2090 3
996 2012 1100 2075 solbat
1122 2012 1183 2077 dor
1204 2013 1257 2077 be·
1349 2082 1352 2086 ,

147 2120 302 2209 gebteete
324 2119 471 2184 Dichter
498 2119 598 2182 sollte
628 2142 661 2181 ee
682 2117 758 2181 eicit
775 2140 843 2181 zur
863 2117 961 2181 Etre
984 2118 1147 2196 reclinent,
1171 2119 1259 2182 aucit

148 2227 277 2316 irgerrd
308 2229 364 2290 ein
395 2227 531 2313 Capitol
559 2225 616 2289 der
650 2224 940 2288 wirrenetoertheee
973 2225 1046 2288 eleo
1078 2224 1258 2290 behondelt

150 2357 197 2396 zac
218 2332 334 2422 trohen.
352 2339 356 2354 ⁸
372 2333 439 2396 Die
457 2331 667 2422 Engldnder
689 2331 796 2395 dobere
819 2330 899 2394 celer
914 2331 1175 2420 preirwt'irdige
1188 2331 1258 2396 Ar-

146 2439 258 2502 beiterr
273 2437 390 2504 dieser
411 2437 506 2516 Art3
529 2441 580 2502 rie
599 2436 824 2501 eolrmeicltelre
854 2436 930 2500 ried
957 2440 998 2500 in
1027 2434 1156 2503 Sedere
1184 2439 1256 2502 und

148 2546 265 2610 Ernst
287 2549 327 2608 ire
348 2545 400 2609 bei
419 2545 479 2609 der
500 2545 624 2634 Menge
640 2543 713 2608 uod
731 2544 879 2632 briegen
899 2543 1027 2608 rodono
1053 2546 1093 2608 in
1115 2544 1257 2631 eufisici-

147 2651 273 2716 renden
293 2649 405 2718 Noton
430 2652 612 2741 doap‘enigo
642 2675 710 2716 zur
732 2649 900 2737 Sproolte,
932 2674 1000 2715 wer
1028 2675 1111 2716 more
1134 2655 1255 2715 merere

145 2781 268 2835 murz,
291 2781 350 2822 um
372 2759 435 2823 dar
456 2757 600 2823 Gedicltt
632 2758 807 2822 verrtehen
827 2781 873 2852 ξω
898 2757 1037 2820 deiecere.
1087 2758 1256 2822 Uedaenuo

59 2933 64 2944 ,
147 2865 241 2929 luitte
272 2865 333 2929 der
364 2866 553 2931 ‹isthetieclr
583 2865 723 2929 ritttiolr
759 2864 948 2928 historiari
977 2865 1255 2939 ueterricdterode

145 2971 275 3036 lederet·
291 2975 347 3036 ein
361 2994 433 3060 gor
450 2970 703 3048 rcdo'rreeFeld,
725 2974 776 3035 im
791 2971 917 3035 diesem
931 2969 1068 3056 Capitol
1084 2971 1257 3060 ordnung
1316 3030 1318 3034 .
1356 2951 1362 2962 ’

144 3101 191 3141 zu
213 3078 367 3155 machere,
392 3079 507 3143 indere
529 3101 567 3142 er
584 3075 699 3141 reicere
717 3075 886 3142 Sclrt'e'lerrr
906 3077 969 3140 dor
989 3076 1027 3143 V
1025 3076 1176 3140 ordienst
1193 3077 1256 3141 der

49 3255 54 3262 ,
144 3184 426 3274 oorzriglicltetere
445 3183 606 3249 Gedicdte
624 3184 736 3248 dieser
758 3185 830 3248 Art
848 3185 946 3247 nieht
966 3183 1053 3248 necle
1071 3184 1146 3248 dem
1163 3181 1254 3249 Nut-

145 3313 208 3354 zert
228 3291 323 3355 ihrer
344 3291 503 3370 laekatte,
540 3291 686 3356 scuderae
719 3291 806 3355 necle
838 3290 913 3355 dem
946 3291 1074 3355 irriderer
1097 3290 1176 3354 oder
1193 3311 1253 3380 ge·

143 3400 294 3487 ringere·
320 3395 434 3462 Grede
458 3398 553 3464 aare
576 3400 771 3484 poitirclren
790 3397 841 3465 W
837 3398 949 3462 ertdes
968 3421 1015 3462 zu
1037 3398 1165 3462 ordnee
1184 3396 1256 3462 und

145 3503 232 3570 lotar
247 3528 294 3568 zu
321 3504 463 3568 machere
486 3507 636 3570 suclttc.’'

188 3612 272 3686 Haec
288 3611 379 3674 allata
393 3624 423 3676 et
440 3615 597 3699 sequentia
615 3614 735 3698 proprie
755 3611 837 3676 dicta
853 3611 978 3675 suntde
994 3610 1175 3675 academicis
1190 3613 1253 3675 lec-
1276 3647 1281 3666 κ

142 3718 297 3792 tionibus,
320 3719 371 3782 sed
393 3719 516 3799 eadem,
537 3722 608 3784 licet
627 3721 704 3783 forte
719 3742 782 3783 non
802 3730 865 3782 tam
886 3720 947 3782 lato
967 3739 1071 3793 sensu,
1095 3720 1196 3782 valent
1215 3719 1254 3782 de

142 3826 293 3909 poematis
309 3824 466 3890 didactiois
483 3829 515 3891 in
530 3827 736 3913 superioribus
754 3827 903 3913 gymnasii
922 3826 1065 3890 classibus
1081 3824 1253 3892 tractandis.

175 4137 217 4201 (l)
252 4137 324 4188 Haec
350 4140 445 4202 legenti
469 4147 560 4204 sponte
581 4142 608 4190 in
631 4149 743 4191 mentem
766 4142 853 4191 veniet
876 4141 1060 4205 elegantissimi
1083 4142 1165 4191 nostri
1187 4141 1254 4190 Bil-

140 4222 302 4284 derdykii
322 4225 447 4286 poematis
472 4225 605 4274 didactici:
633 4225 671 4274 liet
695 4224 854 4285 bettonicam,
882 4232 908 4275 et
930 4227 1010 4286 alius,
1027 4239 1121 4288 genere
1143 4224 1254 4276 diversi:

138 4304 216 4355 ziekte
233 4305 277 4354 der
292 4305 426 4371 peleerdee.
462 4307 542 4357 Plura
557 4309 666 4358 eliorum
687 4309 736 4358 hoc
763 4316 843 4372 genus
866 4315 987 4372 poemata
1010 4308 1094 4356 minus
1113 4307 1181 4356 lectu
1197 4314 1256 4356 sunt

134 4389 264 4452 jucunde,
285 4391 321 4439 ite
338 4397 366 4440 ut
384 4391 448 4440 torte
467 4392 600 4441 scientiam
616 4393 700 4456 ipsam
721 4399 829 4443 tractare
844 4398 989 4456 praestaret
1009 4393 1048 4452 ei,
1071 4392 1115 4455 qui
1136 4390 1254 4440 notitiem

137 4472 212 4536 hujus
229 4472 277 4522 eibi
296 4475 372 4525 vellet
387 4488 536 4538 comparere
554 4476 675 4540 aliquam.
