2874 5048
637 325 723 388 *5⁷

139 517 301 607 aptissime.
328 541 401 584 cum
430 520 523 584 totins
562 520 624 584 loci
653 519 806 583 brevitate
838 522 986 587 concinit.
1046 525 1248 590 Ferramenta

138 640 211 693 sunt
232 626 361 704 eadem,
386 648 467 714 quae
486 648 532 692 ver
558 627 619 688 177
658 647 839 710 »corporea
872 630 955 692 tela’'
993 644 1158 696 vocantur.

183 735 304 812 3,180.
351 731 566 819 Archetypum
595 732 739 797 codicum
775 734 911 798 anrctii
940 738 1126 821 compendio
1155 739 1250 802 fuisse

137 841 373 923 conscriptum,
402 840 651 922 luculentissime
685 850 769 923 patet
802 862 837 903 ex
871 843 1024 906 vocabulo
1053 847 1130 920 oio,
1164 843 1250 930 quod

139 947 172 1010 in
199 946 291 1010 Bodl.
313 947 389 1010 Mus.
420 947 456 1012 B.
481 938 695 1021 &scribitur
723 947 856 1020 animo,
890 951 1001 1030 procul
1033 949 1145 1025 dubio,
1176 949 1250 1035 qnia

138 1050 283 1116 librarius
304 1053 361 1113 aio
379 1049 601 1134 compendium
615 1048 779 1114 habuerit:
810 1075 841 1117 a.
859 1054 883 1118 i.
898 1075 924 1118 o.
945 1057 1145 1138 procerrimo.
1180 1055 1248 1118 Hoc

138 1180 212 1223 vero
244 1159 376 1221 maxime
409 1168 493 1240 patet
524 1179 561 1220 ex
590 1157 802 1241 Gottorpiensi
834 1158 1029 1243 fragmento,
1071 1161 1125 1224 ubi
1159 1182 1250 1245 saepe

137 1288 166 1332 r.
189 1287 216 1330 c.
244 1264 345 1326 media
375 1263 465 1326 litera
497 1285 518 1324 n
557 1263 667 1326 omissa
706 1275 783 1338 est„
805 1276 836 1327 et
868 1286 903 1327 ex
946 1266 1095 1331 Vossiano
1131 1268 1248 1342 veteri,

138 1371 221 1434 inter
240 1370 297 1434 alia
318 1391 407 1452 saepe
428 1380 460 1431 et
479 1362 593 1432 aliasve
615 1370 760 1444 voculas,
782 1369 827 1432 uti
847 1372 911 1436 160
932 1394 948 1431 n
962 1373 1058 1434 animi
1080 1374 1132 1435 ri'’
1149 1371 1247 1460 (vind.

139 1471 697 1562 Vossianusuterquearrimisolnm)
720 1478 1012 1560 praetermittentur
1035 1480 1075 1542 ita
1100 1491 1129 1542 ct
1148 1479 1250 1550 2204

139 1584 226 1650 Voss.
247 1593 386 1668 uterque
407 1583 555 1646 omittunt
582 1593 640 1647 cst.

185 1689 302 1766 aret.
351 1689 534 1750 Rectissime
562 1709 629 1751 sese
660 1686 827 1763 hebetari,
870 1688 923 1752 sed
957 1689 1136 1752 luculenter
1167 1700 1250 1753 errat

62 1853 65 1856 .
139 1794 290 1878 Forbig'er
309 1795 342 1855 in
360 1794 626 1883 interpretatione.
648 1836 651 1842 ·
671 1792 712 1858 Si
733 1795 815 1856 enirn
839 1794 994 1879 significat
1025 1798 1061 1856 iu
1094 1797 1143 1857 iic
1171 1818 1250 1859 cuu-

137 1899 188 1963 at‘a
222 1903 260 1962 ira
287 1893 433 1986 quidm,-
462 1911 491 1962 et
522 1899 563 1963 ab
594 1900 737 1964 omnibus
756 1900 865 1976 factis,
898 1923 980 1986 quac
1008 1912 1060 1964 aut
1088 1923 1160 1964 casn
1181 1903 1249 1965 for-

140 2017 302 2092 tunaque,
331 2018 385 2069 aut
407 2017 538 2081 natura,
558 2019 612 2069 aut
639 2007 762 2083 animo,
803 2019 858 2070 aut
885 2008 943 2070 alia
976 2029 1168 2094 quacunque
1199 2031 1248 2071 ra·

139 2113 224 2176 tione
254 2112 352 2189 fiunt,
383 2127 419 2176 ea
456 2113 654 2198 seliguntur,
686 2135 767 2199 quac
799 2115 861 2175 vim
889 2113 1103 2197 impellentem
1132 2113 1249 2178 habent

140 2219 292 2284 animum.
339 2217 530 2302 Simpliciter
558 2239 633 2305 crgo
664 2220 818 2302 explices:
857 2222 970 2283 »inter
1005 2221 1112 2286 ¹omnia
1141 2220 1244 2298 facta,

140 2326 226 2388 nulla
250 2335 311 2388 tarn
336 2325 481 2388 celeriter
524 2325 605 2389 fiunt
639 2347 732 2412 quam
763 2348 820 2402 ca,
849 2347 930 2411 quae
958 2347 1045 2389 mens
1075 2325 1144 2390 fieri
1176 2347 1247 2410 pro·

138 2433 227 2516 ponit
258 2443 287 2494 et
323 2427 470 2515 incipit.”

185 2538 304 2614 3,201.
352 2538 458 2617 Quum
478 2536 583 2602 Codex
614 2539 783 2605 Vaticanus
805 2538 950 2623 liberque
980 2537 1115 2601 Memmii
1140 2536 1246 2625 (Lam-

140 2641 272 2719 biniani)
288 2644 429 2710 Vossiani
444 2655 473 2707 et
505 2643 755 2710 Vindoboucnsis
785 2643 938 2707 habeant:
972 2643 1171 2707 mobilitate
1195 2643 1246 2728 fe·

138 2762 288 2826 rantur,
310 2751 380 2812 satis
401 2749 487 2813 adest
510 2752 701 2814 auctoritatis
721 2748 759 2812 ad
780 2748 841 2813 hoc
860 2749 1086 2834 reponendum.
1127 2750 1246 2830 Quam-

138 2856 186 2922 vis
219 2856 302 2919 enim
335 2857 459 2940 vulgata
488 2857 662 2920 faciliorem
694 2877 818 2919 sensnm
847 2858 1023 2940 praebeat3-
1048 2877 1106 2919 uec
1142 2867 1245 2920 tamen

130 2960 301 3049 feruntur
331 2961 390 3026 hoc
420 2963 508 3038 loco,
541 2963 596 3026 ubi
624 2963 664 3025 de
686 2963 825 3025 motibus
860 2963 1088 3025 elementorum
1115 2961 1242 3047 agitur,

109 3143 112 3146 ¹
137 3067 371 3132 incommodum
394 3079 459 3147 est,
486 3090 545 3132 nec
576 3068 652 3156 quid
679 3089 847 3132 commune
876 3066 970 3132 hahet
991 3070 1112 3144 atas,
1135 3089 1152 3130 a
1171 3068 1245 3131 For·

137 3176 247 3261 higero
278 3176 409 3251 allatus,
439 3175 507 3262 qui·
533 3187 564 3238 ot
601 3157 693 3239 aliam
735 3187 876 3238 naturam
908 3184 939 3236 et
973 3175 1005 3236 in
1039 3172 1244 3240 deterioribus

137 3282 237 3345 solnm
260 3280 422 3345 codicibus
448 3278 562 3345 habeat
591 3283 741 3367 scriptum
782 3283 988 3346 »feruntur.’'
1037 3281 1246 3346 Confirmatnr

137 3388 232 3452 lectio
253 3387 397 3450 codicum
421 3399 600 3470 comparato
622 3411 664 3454 rs.
688 3388 772 3462 203,
793 3389 847 3451 ubi
876 3386 1038 3450 rtolrilitu
1078 3388 1246 3472 opponitur

136 3489 184 3582 api
214 3493 429 3571 mobilitate,
452 3505 533 3557 crant
554 3489 600 3584 τῷ
629 3493 816 3575 feruutur,
851 3493 905 3557 ubi
930 3492 1039 3556 codem
1066 3493 1140 3576 jure
1178 3514 1246 3556 »eo

139 3598 274 3663 stabilita
304 3601 402 3686 magis
435 3605 529 3664 sunt”
563 3601 594 3662 in
626 3600 823 3664 »stabilitate
840 3601 1013 3663 fruuntnr'’
1034 3609 1155 3661 mutare
1175 3620 1246 3683 pos-

139 3725 205 3782 ses,
232 3705 289 3768 nisi
321 3705 366 3768 ibi
388 3717 419 3768 et
450 3717 503 3768 ato
535 3706 630 3770 breve
653 3706 808 3781 obstaret,
843 3716 894 3780 et,
935 3702 1019 3789 quod
1046 3703 1166 3786 majus.
1198 3705 1247 3766 in-

138 3792 223 3874 sania
263 3811 405 3876 mutandi
444 3815 475 3874 in
516 3809 624 3876 oculos
668 3813 765 3896 magis
800 3812 988 3876 incurreret.
1047 3807 1249 3874 Mobilitarc

137 3917 277 3980 invenies
299 3930 329 3981 et
353 3941 396 3983 vr.
418 3919 484 3983 249
506 3919 547 3982 cl.
567 3931 674 3983 annot.
693 3917 867 4004 Forbigcri.

186 4026 216 4098 3,
230 4025 295 4085 255
325 4026 356 4086 dn
385 4029 438 4090 56.
497 4024 663 4089 Lambinus
702 4027 735 4087 in
777 4025 839 4088 suis
879 4021 967 4086 libris
997 4022 1149 4106 scriptum
1182 4043 1247 4088 esse

138 4148 269 4215 »nsque
288 4129 364 4194 adeo
386 4131 467 4194 vitae
491 4129 631 4196 desit-
649 4131 837 4216 diffugiant’'
858 4129 973 4193 diserte
993 4139 1142 4203 testatur,
1165 4129 1247 4211 quae
1273 4144 1275 4150 ·

137 4236 355 4300 verosimiliter
395 4237 489 4300 etiam
519 4239 553 4301 in
588 4238 743 4304 Vossianis
774 4236 989 4317 inveniuntur.
1047 4233 1133 4296 Licet
1181 4233 1247 4318 ipse

138 4341 169 4403 in
196 4341 332 4438 editione
362 4365 415 4408 sua
449 4356 517 4427 post
546 4344 626 4414 odeo
653 4343 889 4427 interpolaverit
929 4351 968 4403 ut
1004 4337 1245 4425 (Havcrcampio
