2920 5044
732 333 755 397 d

188 556 253 596 mos
284 545 355 596 sunt
387 527 532 617 tractura)
558 527 787 615 pulcritudine,
812 528 1022 612 simplicitate,
1050 532 1173 594 veritate
1204 552 1299 616 quam

187 638 539 723 maxime'praecellunt,
560 634 641 700 unde
660 645 690 698 et
707 632 813 710 hodie,
837 632 875 696 de
899 633 1051 698 hodiernis
1083 638 1297 721 scriptoribus,

189 747 267 808 ralct
309 753 507 828 praeceptum
559 741 754 804 Horatii:
797 761 854 802 vor
896 731 1108 825 eeemplaria
1147 739 1299 822 Graeco,

188 863 355 916 nocturno
388 860 519 913 verente
559 870 684 922 manu,
728 857 856 909 versate
888 845 1018 910 diurna
1045 845 1105 936 ().

233 955 292 1020 Sed
318 957 388 1019 nolo
410 956 587 1019 resuscitare
605 953 748 1017 scintillas
769 953 885 1030 litium,
910 976 928 1015 a
950 953 1142 1018 Peirault
1163 965 1193 1018 et
1211 955 1297 1019 Boi·

175 1065 196 1134 ‚l
208 1085 224 1126 e
236 1085 252 1126 a
265 1086 286 1125 u
309 1061 380 1126 inde
404 1083 502 1148 usque
523 1059 560 1150 ad
583 1070 717 1123 nostram
738 1069 868 1122 aetatem
888 1057 1085 1123 vehementer
1099 1062 1299 1146 agitatorum,

186 1169 244 1232 sub
261 1170 362 1232 cinere
386 1167 485 1230 calido
504 1166 579 1230 dum
595 1165 750 1240 ardentes,
767 1166 814 1227 rix
832 1175 862 1228 et
880 1187 918 1228 ne
936 1167 983 1228 rix
1001 1165 1128 1251 quidem
1149 1168 1189 1231 ab
1210 1191 1302 1253 erup·

186 1277 268 1339 tione
292 1273 506 1358 prohibendae.
559 1273 718 1357 Denique:
743 1272 765 1334 si
789 1292 858 1334 vere
880 1271 1012 1334 liberalis
1032 1273 1228 1337 institutionis
1249 1276 1301 1339 ille

187 1379 279 1443 debet
304 1402 365 1442 esse
397 1400 524 1464 scopus,
548 1379 580 1440 in
604 1376 743 1441 docendo
772 1397 883 1461 nempe
909 1375 1015 1465 (virtus
1039 1376 1152 1442 addisci
1177 1367 1298 1467 nequit)

187 1497 223 1549 ut
253 1485 291 1549 ad
321 1506 498 1559 summum,
530 1503 692 1569 quousque
727 1481 793 1545 fieri
821 1493 939 1566 potest,
966 1505 1067 1546 rerum
1092 1484 1300 1549 humanarum

186 1593 421 1677 divinarumque
452 1591 632 1675 cognitionis
654 1589 779 1651 culmen
801 1590 922 1651 animus
947 1588 1102 1653 humanus
1132 1591 1296 1672 evehatur3

187 1709 236 1773 ct,
269 1699 291 1759 si
325 1718 429 1761 rerum
456 1707 500 1759 est
528 1696 696 1780 praesentia
727 1694 796 1757 oriri
832 1715 868 1756 ex
903 1685 1089 1779 praeteritis,
1125 1697 1227 1760 fotura
1260 1720 1296 1762 ex

188 1803 410 1888 praesentibus,
430 1802 599 1887 praesentia
621 1801 716 1884 igitur
733 1821 794 1864 non
813 1821 896 1884 posse
918 1803 1061 1886 cognosci
1085 1803 1140 1864 nisi
1159 1824 1194 1866 ex
1212 1825 1299 1887 prae-

187 1909 280 1972 teritis
315 1906 382 1996 (2),
429 1906 510 1970 unde
544 1918 574 1970 et
606 1907 781 1968 futurorum
813 1907 993 1990 praesagitio
1033 1907 1185 1991 pendeat:
1230 1911 1299 1994 quis

187 2013 313 2098 negabit
345 2015 614 2098 antiquitatem,
645 2033 726 2097 quae
748 2010 881 2086 dicitur,
911 2034 946 2076 ex
966 2034 1050 2098 qua,
1074 2035 1128 2098 per
1150 2036 1245 2100 quam
1268 2024 1300 2078 et

187 2123 218 2182 in
241 2118 325 2205 quia,
349 2129 383 2181 ut
405 2119 497 2182 verbo
521 2117 642 2193 dicam,
666 2137 741 2193 nos,
776 2117 976 2192 recentiores,
1005 2118 1078 2182 iacti
1100 2121 1210 2197 sunus,
1245 2121 1303 2206 qui

188 2227 294 2314 quales
324 2226 496 2311 quantique
531 2245 637 2288 sumus
667 2234 716 2298 et,
745 2234 781 2286 ut
811 2221 892 2290 hanc
924 2225 1095 2310 intelligere
1125 2227 1299 2302 valeamus,

191 2333 334 2420 linguar
352 2333 537 2417 antiquar,
563 2329 646 2394 unde
680 2330 838 2393 Romanae
873 2332 1053 2395 recentiores
1082 2332 1207 2417 linguae
1239 2333 1299 2396 ori·

189 2440 313 2524 ginem,
348 2459 461 2522 magna
494 2448 576 2500 certe
599 2458 634 2499 ex
658 2446 744 2520 parte
778 2433 827 2522 (ex
859 2447 996 2521 quanta,
1031 2436 1133 2501 adhuc
1163 2438 1221 2502 sub
1245 2439 1299 2522 ju-

189 2544 255 2607 dice
287 2545 322 2606 lis
356 2540 411 2627 est)
437 2552 592 2627 repetant,
617 2562 677 2605 esse
702 2541 922 2626 pernoscendas
947 2541 1007 2630 (3)

140 2950 142 2954 ⁸
190 2961 345 3022 Quixotii
366 2964 543 3027 Hispanici
560 2964 676 3012 versione
697 2964 845 3026 perspicua,
869 2979 884 3012 a
908 2966 993 3027 pueris
1014 2965 1073 3014 inda
1098 2967 1177 3014 menti
1195 2966 1303 3014 memori

190 3061 271 3109 usquo
295 3046 483 3110 obversantiat)
518 3045 561 3094 Ex
582 3047 652 3095 hisce
672 3051 743 3109 petet
764 3047 911 3110 linguarum
934 3053 1050 3096 veterum
1073 3043 1192 3111 eampum
1215 3048 1302 3097 animo

186 3129 297 3189 juvenili
317 3131 439 3191 optimam
471 3130 595 3192 praebere
628 3143 731 3178 arenam
756 3131 782 3178 iu
811 3145 863 3192 qua
888 3131 955 3178 vires
982 3137 1100 3180 exerceat
1128 3137 1154 3179 et
1177 3131 1208 3178 ab
1232 3131 1303 3180 omni
1352 3121 1365 3127 ”

190 3219 261 3275 parte
276 3213 393 3276 explicet.

225 3293 267 3357 (1)
302 3295 368 3348 Fere
386 3310 436 3345 non
458 3279 521 3358 opus
540 3301 594 3353 eet,
615 3301 642 3342 ut
664 3283 783 3344 moneam
801 3309 856 3355 me,
878 3301 906 3342 ut
926 3295 957 3343 de
976 3296 1140 3344 institutionis
1163 3297 1303 3360 superioris
1328 3343 1332 3350 .

192 3391 270 3440 scopo
293 3385 473 3440 quaerentem,
492 3379 536 3426 vix
554 3369 843 3440 distinguere,'nedum
870 3392 989 3441 separare
1012 3379 1137 3442 philologi
1160 3381 1273 3429 officium
1288 3395 1304 3428 a

192 3461 341 3521 literatorie,
360 3462 413 3524 *qui
440 3461 532 3509 dicitur
548 3475 663 3510 munere.
700 3461 738 3511 Sit
756 3462 957 3510 diversissimum
974 3462 1108 3525 utriusque
1130 3461 1258 3524 officium3
1277 3463 1304 3511 in

192 3545 316 3606 supremis
333 3544 462 3607 gymnasii
476 3543 598 3593 classibus
614 3558 680 3593 unus
695 3544 737 3592 hic
754 3549 794 3592 est
808 3549 905 3602 metus,
924 3557 956 3591 ne
978 3543 1043 3591 alter
1061 3543 1169 3592 atterum
1183 3545 1303 3607 expellat

227 3626 268 3689 (2)
303 3627 360 3676 Nisi
377 3627 445 3676 enim
463 3641 478 3674 a
494 3627 583 3690 primis
602 3628 734 3676 elementis
752 3627 811 3675 inde
829 3627 946 3675 intimem
965 3627 1118 3690 cognitionis
1136 3627 1262 3690 originem
1280 3633 1305 3677 et

193 3716 309 3758 naturam
336 3711 430 3759 evolvit
454 3710 510 3770 itte,
537 3711 581 3773 qui
607 3711 751 3760 animorum
777 3709 949 3758 humanorum
972 3709 1115 3758 Phidias
1139 3723 1195 3759 esse
1219 3711 1303 3774 cupit,

192 3792 269 3854 surdo
287 3797 374 3840 narrat
389 3791 469 3839 asello
486 3790 598 3840 fabulas:
618 3793 671 3842 dies
689 3792 758 3842 diem
776 3791 864 3841 docett

227 3872 269 3935 (3)
304 3873 383 3922 Hisce
400 3873 505 3922 minime
522 3887 618 3936 negare
635 3875 695 3922 volo
712 3875 919 3937 progressionem
936 3874 1037 3936 generis
1057 3873 1175 3934 humaui,
1192 3874 1224 3922 ab
1240 3875 1305 3923 anti-

193 3957 290 4018 quitate
307 3955 367 4004 inde
384 3970 465 4020 usque
483 3955 516 4004 ad
530 3963 617 4005 nostra
634 3961 765 4018 tempora:
792 3947 906 4004 idearum
930 3963 997 4004 certe
1019 3961 1044 4002 ct
1065 3955 1199 4003 notionum
1221 3955 1304 4018 ploni-

193 4039 281 4088 tudine
296 4045 331 4098 ,et
354 4039 499 4100 altitudine,
521 4039 703 4100 intelligentis,
723 4039 792 4100 ipsos
810 4053 895 4087 rerum
916 4037 998 4088 fontes
1013 4043 1175 4100 penetrante,
1193 4043 1305 4101 praestat

193 4127 280 4170 nostra
294 4127 363 4170 aetas
378 4122 535 4185 antiquitati3
552 4121 685 4170 inanimis
702 4121 835 4181 humanis,
865 4135 917 4169 non
941 4121 1024 4169 minus
1043 4135 1121 4182 quam
1137 4121 1164 4169 in
1187 4120 1304 4183 lapidici-

193 4206 246 4264 nis,
269 4206 343 4254 aitius
367 4205 479 4268 perfodit
501 4202 536 4266 (si
557 4217 649 4267 nempe
669 4204 801 4266 ingenium
820 4204 874 4253 veri
901 4211 1023 4266 appetens
1045 4210 1070 4252 et
1092 4203 1217 4266 patientie
1234 4203 1304 4252 lenta

193 4294 309 4336 veterum
330 4302 384 4336 non
408 4286 503 4350 desint)
529 4284 655 4336 scrutator
669 4287 821 4347 hodiernus,
847 4301 925 4349 quam
943 4294 1058 4337 veterum
1078 4288 1239 4350 quicunque,
1258 4286 1304 4336 sed

165 4401 178 4420 .
194 4385 227 4420 ne
247 4371 296 4418 hoc
317 4370 420 4432 quidem
441 4368 467 4417 iu
487 4369 621 4430 omnibus3
638 4369 665 4417 iu
687 4368 744 4417 aliis
764 4383 824 4417 vero
848 4369 978 4432 plurimis,
1006 4375 1128 4433 quantum
1155 4367 1304 4431 deperdide·

195 4454 287 4512 rimus,
305 4453 392 4500 dolere
408 4451 503 4513 magis,
524 4466 600 4514 quam
615 4465 765 4516 recuperare
783 4454 901 4516 suppetit.
