2920 5044
190 575 221 617 re
243 573 403 616 moneam:
433 553 580 614 tertium
603 547 679 611 adeo
707 544 819 631 pendet
849 568 865 608 a
898 546 1101 628 privatissimis
1130 547 1300 632 discipulo-

191 681 281 735 rum,
303 657 485 733 doctorum,
510 658 725 740 aliorumque,
751 674 805 736 pro
827 653 1018 736 singulorum
1048 653 1223 718 conditione
1251 677 1304 719 va·

189 769 256 843 riis,
275 765 456 854 ratiopibus,
479 759 724 846 individuisque,
746 780 826 844 quae
846 758 1011 834 dicuntur,
1028 781 1131 823 rerum
1152 758 1305 825 humana·

190 893 258 937 rum
281 870 617 956 conglutinationibus,
637 878 672 929 ut
693 865 731 929 de
754 863 801 928 his
823 866 856 928 iu
876 865 1002 950 singulis
1023 867 1305 951 opportunitatibus

190 961 315 1063 singulis
343 979 519 1064 quibusque
539 974 716 1039 doctoribus
735 971 891 1057 judicium
917 975 955 1045 sit
975 972 1160 1038 ferendum:
1190 995 1306 1037 recuu-

192 1084 274 1148 dum
297 1106 386 1160 vero,
410 1084 464 1145 etsi
487 1102 561 1145 cum
590 1081 778 1164 temporibus
810 1079 1043 1164 rationibusque
1063 1081 1141 1143 vitae
1160 1081 1306 1165 publicae

192 1203 222 1254 at
247 1187 380 1274 privatae
403 1191 528 1252 mutatis
552 1189 652 1272 ipsum
675 1197 833 1262 mutetur,
867 1186 908 1249 ita
926 1196 970 1248 est
994 1197 1227 1271 comparatum,
1249 1196 1302 1264 ut,

191 1297 267 1384 quid
292 1297 428 1358 universe
449 1293 508 1358 hac
531 1295 563 1356 iu
589 1315 619 1356 ra
642 1294 679 1355 sit
707 1290 925 1367 statuendum,
955 1287 1071 1377 optimo
1096 1293 1166 1374 jure
1199 1293 1306 1378 quaeri

192 1423 276 1488 posse
300 1400 447 1464 videatur.

237 1509 305 1571 Duo
328 1509 409 1571 enim
433 1527 504 1591 prae
532 1507 694 1581 omnibus,
726 1506 758 1568 in
786 1502 845 1567 hac
878 1514 976 1567 nostra
1008 1507 1163 1581 aetatula,
1200 1505 1307 1567 lucent

194 1733 229 1785 ut
252 1731 353 1806 patet,
376 1716 515 1804 excepto)
550 1717 760 1804 philosophiae
784 1739 895 1802 nempe
927 1728 958 1780 et
991 1718 1186 1802 scientiarum
1215 1726 1307 1780 natu·

194 1827 313 1890 ralium.
361 1826 404 1888 De
426 1825 492 1898 his,
525 1847 562 1888 ne
586 1825 715 1909 adeptus
738 1823 887 1909 quidem,
918 1824 1080 1908 profanus,
1113 1825 1237 1910 linguae
1261 1823 1307 1885 la-

194 1956 266 2009 teo,
283 1933 322 1996 de
342 1932 394 1995 illa
423 1953 493 1994 vero
519 1952 626 1994 carere
646 1929 743 1995 debeo
769 1953 807 1994 ne
832 1933 918 2017 quis,
938 1932 1016 1994 male
1035 1931 1225 2014 intelligens,
1248 1951 1306 2013 pu·

197 2237 235 2281 est
252 2243 329 2279 causa
349 2243 407 2288 our,
431 2229 590 2291 paucissimis
616 2229 746 2291 exceptis,
771 2229 847 2290 longe
873 2229 993 2291 plurimi,
1019 2229 1046 2277 in
1071 2230 1218 2292 quempiam
1241 2228 1308 2276 vitae

196 2313 298 2364 socialis
317 2312 432 2362 ordinem
456 2312 563 2373 adsciti,
586 2312 688 2375 vivant,
714 2313 787 2376 quasi
813 2327 944 2376 nunquam
964 2311 1121 2362 Graecorum
1142 2311 1308 2382 alphabetum

196 2395 354 2446 didicissent:
371 2409 428 2455 cur,
451 2395 536 2443 literas
556 2394 668 2445 Graecas
686 2395 843 2457 Latinasque
865 2395 965 2457 penitus
983 2395 1127 2457 negligant,
1147 2394 1207 2456 quin
1226 2399 1251 2441 et
1266 2407 1307 2442 ea·

177 2481 254 2530 'rum
269 2479 420 2528 memoriam
434 2492 510 2540 saepe
526 2477 723 2537 obliviscantur,
746 2484 788 2536 ut,
806 2475 933 2536 utilitarii,
950 2476 1135 2539 (Lobeelrio
1153 2478 1209 2525 siro
1227 2475 1308 2524 celeb.

198 2562 313 2626 auctore)
338 2562 371 2610 ad
388 2561 545 2610 materialem
567 2575 634 2624 quae
658 2561 750 2610 dicitur
770 2560 904 2610 utilitatem
925 2561 1151 2624 plenissimamque
1170 2559 1309 2608 memoriae

199 2647 300 2710 copiam
315 2651 470 2708 spectantes,
487 2650 554 2692 reete
571 2658 693 2707 quaerere
707 2643 847 2692 videantur:
865 2646 950 2709 „quid
970 2645 1043 2694 nohis
1062 2660 1120 2694 cum
1137 2645 1223 2704 hisce,
1243 2657 1308 2706 quac

198 2733 225 2780 in
243 2744 318 2779 usum
340 2734 485 2778 convertere
508 2729 656 2791 nequimus,
680 2727 858 2792 funditusque,
879 2729 906 2777 in
926 2730 1004 2778 vitam
1025 2731 1164 2792 practicam
1183 2727 1308 2786 traducti,

199 2829 233 2865 ex
250 2812 428 2862 mnemotbeea
444 2811 574 2874 perdimus
593 2820 637 2861 aut
662 2813 718 2861 aliis
742 2811 920 2862 diversissimis
942 2813 1086 2872 obruimus,
1102 2813 1179 2861 tactio
1198 2811 1255 2860 esti
1276 2823 1309 2859 ne

197 2898 284 2948 liberis
299 2895 390 2944 uostris
405 2894 548 2944 maximum
568 2909 632 2944 onus
650 2895 764 2958 ingratiis
784 2896 962 2958 imponamus,
982 2895 1052 2959 quod
1074 2896 1102 2944 in
1125 2893 1251 2944 nobismet
1271 2893 1309 2956 ip·

199 2981 233 3029 sis
245 2977 437 3028 inutilissimum
453 2978 649 3039 comperimus;''
668 2993 805 3041 quaenam,
822 2994 932 3043 quaeso,
948 2979 1056 3028 istorum
1072 2979 1198 3027 malorum
1212 2979 1310 3040 praeci-

199 3076 251 3125 pua
269 3075 345 3109 causa
363 3065 401 3110 est
421 3060 486 3120 alia,
509 3074 597 3122 quam,
616 3060 697 3123 quod,
720 3060 761 3109 vel
783 3062 809 3110 in
833 3062 1022 3110 accuratissima
1042 3063 1189 3125 optimaque
1209 3060 1310 3109 institu-

200 3145 282 3203 tione,
300 3146 326 3192 in
346 3157 376 3192 eo
391 3142 447 3205 ipso
463 3147 590 3206 tempore,
606 3157 657 3206 quo
675 3142 872 3206 pulcritudinem
891 3151 1006 3194 veterum
1029 3145 1193 3194 classicorum
1207 3148 1310 3205 gustare

200 3227 379 3288 labrorumque
394 3233 468 3275 tenus
483 3227 645 3276 dulcedinem
659 3229 749 3289 poids,
772 3234 831 3290 post
845 3242 932 3277 amara
946 3228 1051 3291 pocula,
1067 3228 1160 3277 sentire
1172 3226 1312 3289 incipiant,

201 3324 278 3374 quam
299 3310 321 3357 si
343 3308 436 3369 semel,
461 3309 537 3372 pleno
564 3310 674 3369 haustu,
696 3311 830 3360 duxissent
848 3312 1022 3374 dulcedinem,
1046 3313 1178 3375 inexpleta
1205 3310 1247 3358 siti
1266 3321 1313 3372 per

201 3398 281 3442 totam
297 3393 375 3441 vitam
392 3377 426 3442 ex
442 3391 555 3441 fontibus
572 3398 685 3442 veterum
709 3395 806 3457 optima
824 3410 940 3460 quaeque
963 3396 1157 3445 hausissent-
1174 3393 1258 3458 quod,
1273 3393 1312 3440 in·

201 3490 293 3539 quam,
311 3475 338 3523 in
357 3489 387 3523 eo
403 3475 461 3538 ipso
480 3483 610 3524 momento
630 3477 750 3540 vitaeque
766 3479 840 3540 quasi
858 3478 917 3526 crisi
939 3479 1110 3541 „adolescens
1127 3477 1251 3540 ingenuus
1266 3490 1311 3538 op·

200 3559 328 3622 timaeque
345 3558 400 3620 spei
416 3558 448 3606 ad
467 3558 581 3621 publicas
597 3560 721 3608 lectiones
740 3567 778 3609 est
795 3561 960 3610 dimittendus
971 3561 997 3612 l”
1031 3562 1074 3610 Ex
1094 3567 1196 3624 patrum
1214 3565 1312 3608 nostro·

201 3658 259 3692 rum
281 3648 363 3691 aetate
391 3648 542 3705 supersunt,
566 3643 724 3703 etiamnum,
751 3644 795 3706 qui
817 3643 1006 3706 Horatium,
1027 3645 1228 3708 Virgilium,
1249 3644 1312 3706 quin

201 3727 278 3775 etiam
297 3725 410 3776 Graecos
431 3726 530 3789 aliquos
551 3726 608 3776 sinu
630 3726 747 3788 foveant,
772 3727 889 3776 manibus
910 3734 1009 3787 terant,
1029 3729 1149 3791 diligant,
1169 3727 1314 3790 intelligant

201 3811 274 3859 etin
298 3824 374 3858 usum
394 3811 519 3872 optimum
538 3809 805 3874 jucundissimumque
835 3817 992 3861 convertant.
1027 3811 1234 3875 Quotusquisque
1255 3823 1313 3859 nos-

201 3900 282 3952 trum,
298 3892 458 3954 aequalium,
472 3892 555 3942 simile
571 3893 633 3956 quid
645 3895 671 3942 in
686 3901 820 3957 posterum
835 3895 882 3944 sibi
897 3894 1045 3959 promittere
1059 3900 1156 3958 potest,
1170 3894 1231 3958 quid
1243 3893 1313 3956 dico;

199 3976 291 4034 audet,
315 3976 376 4038 quin
396 3975 468 4024 vulti
502 3975 548 4025 An
568 3975 602 4024 ad
620 3990 700 4026 uuum
716 3992 805 4026 omnes
821 3979 911 4028 aiunt?
933 3979 1020 4042 plures
1039 3977 1313 4038 certet—nonnulli,

171 4072 177 4082 ·
198 4053 272 4124 ὀλίγοι
285 4073 314 4104 τε
327 4056 436 4118 otiosae?
452 4084 486 4093 -
503 4059 593 4120 silent,
609 4073 657 4110 nee
672 4060 767 4109 silentii
784 4075 875 4109 causas
893 4062 1016 4124 indagare
1039 4061 1108 4110 libet.
1143 4058 1194 4110 Sed
1214 4059 1313 4124 praeci·

200 4156 255 4205 pua
269 4140 346 4206 hujus
364 4141 498 4204 pudendae
520 4143 634 4191 incuriae
659 4149 734 4206 atque
755 4145 828 4192 humi
844 4147 974 4208 repentis,
995 4145 1022 4194 in
1043 4143 1174 4194 tritissima
1196 4143 1314 4204 defixae,

200 4225 292 4274 mantis
311 4239 388 4273 musa
410 4239 463 4288 non
486 4239 520 4274 ex
547 4227 609 4289 ipsis
634 4234 672 4275 est
694 4233 763 4288 orta,
785 4228 831 4278 sed
853 4243 887 4277 ex
911 4229 957 4277 illa
977 4228 1139 4278 festinatione
1164 4242 1215 4292 qua
1237 4239 1313 4290 prae·

201 4313 299 4357 mature
320 4321 334 4356 e
354 4308 448 4357 scholis
466 4309 644 4369 dimittuntur,
660 4308 765 4374 Sisyphi
782 4311 815 4359 ad
833 4312 925 4372 instar,
941 4327 1022 4376 quum
1036 4313 1063 4362 in
1083 4328 1113 4361 eo
1131 4317 1205 4374 suut,
1222 4316 1251 4358 ut
1267 4308 1314 4357 dif-

199 4391 323 4442 ficultates
340 4396 365 4440 et
381 4391 482 4442 fastidia
496 4391 604 4456 jamjam
623 4392 672 4441 sint
688 4393 830 4458 trajecturi,
849 4393 880 4444 ab
906 4395 962 4457 ipso
984 4395 1079 4447 vertice
1102 4395 1129 4446 in
1152 4395 1236 4444 lutum
1254 4393 1311 4442 bar-

201 4475 282 4528 bariei
297 4481 322 4524 et
338 4475 454 4526 inscitiae
468 4481 536 4524 retro
556 4475 679 4528 devoluti.
