2920 5044
667 349 715 412 95

134 555 272 612 exseret.
319 542 454 621 Eadem,
481 565 562 629 quae
579 555 701 620 noster,
728 544 820 608 refert
838 544 948 630 Simpt.
981 545 1070 633 Phys.
1102 548 1123 613 i.
1152 553 1172 614 6
1202 551 1237 618 B.

126 641 289 729 „radmor
324 654 385 735 μὲν
430 648 464 714 ἕν
512 643 616 714 πᾶσιν
656 638 779 727 ὄντων,
822 640 962 715 ἑκάστου
998 650 1052 731 δέ,
1088 645 1174 718 κατὰ
1201 646 1239 720 τὸ

127 747 323 842 ἐπικρατοῦν
352 748 402 821 ἐνΧ
418 744 506 842 αὐτῷ
533 750 890 840 χαρακτηριζομὲνου.”
1164 825 1166 829 ,

171 860 210 924 Et
228 860 371 924 ciborum
400 858 528 944 quidem
553 858 694 942 exemplo
724 857 805 922 hanc
839 859 1027 923 sententiam
1054 861 1094 924 ab
1120 860 1241 925 Anaxa·

126 986 202 1052 gom
225 965 320 1030 fuisse
340 965 503 1050 probatam
536 962 729 1027 vidimus-in
759 965 829 1027 loco
857 963 1036 1041 Plutarchi,
1062 967 1151 1030 initio
1179 966 1241 1030 hu·
1269 1013 1271 1016 -

121 1069 174 1154 jus
200 1071 417 1156 disputationis
446 1071 560 1149 allato;
594 1068 761 1133 sedetiam
792 1071 931 1154 exempla
973 1072 1091 1149 carnis,
1127 1071 1240 1153 ossium

125 1174 262 1241 adhibita
284 1178 377 1242 fuisse
408 1187 491 1262 patet
522 1198 557 1240 ex
592 1175 773 1252 Aristotele,
819 1171 1018 1263 Anaxagorae
1054 1178 1240 1242 sententiam
1283 1242 1288 1250 ,

126 1281 166 1347 de
186 1280 417 1348 homoeomeria
442 1283 601 1346 referente
634 1281 669 1346 in
708 1281 788 1346 libro
825 1283 927 1366 primo
966 1282 1004 1346 de
1043 1284 1241 1370 generatione

127 1389 324 1453 animalium:
345 1411 362 1451 »
375 1411 421 1454 res
437 1400 469 1452 et
483 1375 632 1473 apparere
649 1397 679 1452 et
701 1387 894 1452 denominari
911 1388 1044 1453 invicem
1064 1388 1240 1454 differentes

127 1492 234 1577 ajunt,
261 1494 301 1557 ab
331 1516 385 1569 eo,
420 1492 504 1578 quod
533 1493 566 1556 in
602 1492 795 1557 infinitorum
827 1494 962 1558 mixtura
992 1495 1147 1562 abundat:
1176 1517 1238 1560 non

127 1600 210 1663 enim
242 1611 422 1694 cssetotum
450 1621 529 1684 pure
558 1610 612 1662 ant
631 1599 756 1676 album,
790 1611 844 1662 aut
868 1599 1013 1686 nigrum,
1046 1612 1101 1666 aut
1120 1601 1232 1678 dulce,

126 1715 181 1770 aut
216 1727 357 1783 carnem,
383 1717 437 1770 aut
472 1727 525 1783 os;
562 1705 653 1789 cujus
683 1717 786 1769 autem
835 1689 1240 1793 ampliusunumquodque

127 1808 238 1887 habet,
261 1833 329 1876 eam
360 1812 429 1876 tatis
458 1813 502 1876 rei
523 1824 666 1875 naturam
693 1810 828 1877 videri.’'

172 1916 226 1980 His
247 1916 323 1982 iocis
341 1917 421 1982 bene
439 1917 596 2002 perpensis
627 1927 658 1980 et
687 1938 760 1980 cum
799 1928 904 1981 nostro
942 1919 1140 2002 comparatis,
1176 1940 1237 1984 nou

127 2022 256 2100 dubito,
277 2023 355 2108 quin
380 2034 482 2088 nostra
510 2021 685 2086 emendatio
702 2043 848 2108 magnam
869 2022 975 2086 saitem
991 2023 1239 2108 probabilitatem

104 2126 239 2205 ‚habeat
266 2138 297 2192 et
317 2128 530 2194 difficultatem
555 2127 647 2212 hujus
676 2129 739 2192 loci
767 2129 865 2194 tollat.

174 2233 263 2298 Unde
289 2233 366 2298 haec
391 2234 552 2319 corruptio
574 2239 647 2308 orta
671 2234 728 2310 sit,
760 2234 850 2298 facile
882 2246 1027 2319 apparet,
1056 2235 1081 2299 si
1115 2247 1239 2320 repute-

127 2360 198 2403 mus
215 2339 377 2404 librarium
398 2341 559 2406 offendisse
584 2339 622 2405 ad
653 2339 750 2416 lieet,
772 2339 857 2404 nude
876 2340 1030 2425 positum,
1071 2339 1174 2429 (Unde
1204 2343 1238 2406 iu

127 2444 246 2510 Heinsii
268 2446 340 2511 coll.
371 2448 413 2523 2,
442 2447 498 2512 Gr.
522 2445 615 2511 Nard.
640 2445 783 2512 etBasit.
807 2465 864 2508 reu
889 2443 942 2507 val
964 2442 1026 2529 ut.)
1056 2454 1086 2508 et
1111 2447 1156 2510 sic
1185 2469 1238 2511 re·

127 2552 282 2638 posuisse,
302 2551 384 2638 quod
406 2552 637 2617 usitatissimum
660 2551 807 2616 Lucretio
847 2563 910 2628 est,
932 2552 1020 2614 reiro
1041 2551 1130 2618 lieet.
1177 2551 1238 2618 Sed

127 2658 172 2722 sic
198 2658 263 2722 fere
288 2658 384 2722 ctiam
404 2657 531 2742 ponitur
549 2659 581 2723 in
617 2645 744 2732 6,601'
771 2677 788 2718 »
801 2656 952 2742 proinde,
975 2657 1067 2732 licet,
1098 2657 1238 2742 quamvis

127 2762 251 2826 coelum
283 2774 458 2848 terramque
487 2775 616 2828 reantur
637 2768 721 2828 etc.’'
758 2773 907 2847 tanquam
945 2763 1096 2847 particula
1125 2784 1237 2828 eonce-
1305 2819 1308 2824 .

128 2866 230 2934 deudi.
279 2869 340 2932 Pro
357 2867 475 2946 nobie,
509 2891 627 2932 aarum
649 2868 768 2932 restitui
787 2880 824 2932 ut
844 2868 1036 2933 enumeratio
1056 2867 1238 2932 conveniret

127 2973 263 3038 versibus
282 2978 349 3041 863
377 2978 408 3038 dr
431 2977 491 3052 64,
515 2997 574 3039 nec
595 2987 697 3039 tamen
725 2973 924 3040 vehementer
949 2995 1076 3059 pugno,
1113 2975 1139 3036 si
1165 2973 1236 3058 quis

127 3078 218 3142 verba
254 3075 310 3142 viri
335 3080 505 3146 doctissimi
542 3081 672 3145 Siebelis
703 3083 724 3146 Ι.
755 3101 847 3163 supra
871 3078 954 3145 laud.
987 3079 1025 3142 ad
1057 3078 1170 3155 finem,
1197 3078 1235 3144 de

127 3184 262 3248 lectione
289 3185 433 3251 codicum
460 3209 502 3251 rs.
529 3190 592 3252 867
622 3187 781 3271 sanieque
805 3206 863 3270 pro
885 3184 1059 3270 veniaque,
1082 3183 1121 3249 ad
1139 3183 1237 3248 nobie

126 3288 355 3354 defendendum
384 3292 511 3369 afferat,
536 3292 626 3357 modo
654 3293 864 3378 conjungatur
895 3312 968 3356 cum
1005 3289 1138 3368 dicent,
1171 3312 1235 3356 non
1276 3351 1280 3362 ,

126 3414 200 3458 cum
224 3395 322 3472 licet,
356 3396 439 3483 quod
466 3397 645 3463 absurdum
962 3381 969 3388 ⁰

170 3502 281 3580 Ratio,
313 3523 374 3589 qua
400 3504 564 3568 Lucretius
591 3505 804 3591 Anaxagoram
836 3505 970 3579 refutat,
989 3503 1077 3568 nobis
1102 3523 1165 3567 non
1185 3524 1236 3567 sa-

127 3606 241 3670 tisfacit
264 3630 324 3673 uec
351 3629 457 3678 revera
490 3611 674 3676 sententiam
708 3608 803 3696 ipsius
840 3609 968 3694 euertit,
992 3607 1059 3684 ,aed
1095 3619 1141 3672 est
1173 3619 1235 3672 tota

125 3723 199 3797 puta
226 3713 390 3798 Epicurea.
438 3717 591 3802 Epicurus
611 3717 695 3781 enim
723 3715 885 3780 criterium
914 3712 1046 3778 veritatis
1086 3713 1173 3799 ponit
1202 3715 1235 3778 iu

126 3818 279 3884 evidentia
323 3814 500 3910 (ἐναργείᾳ)
544 3821 628 3885 unde
661 3820 816 3903 judicium
857 3819 915 3904 ipsi
967 3811 1048 3900 δόξα
1087 3829 1234 3897 vocatur,

126 3924 212 4010 quod
233 3947 340 3990 rerum
364 3949 428 3992 esse
453 3937 561 4012 putat,
594 3927 617 3990 si
649 3911 863 4011 praedicatum
893 3926 914 3991 i.
941 3948 968 3992 e.
999 3927 1157 4011 perceptio
1186 3924 1238 3989 in·

128 4030 236 4095 tuitiva
261 4023 451 4124 (πρόληψις)
484 4031 640 4096 evidenter
663 4031 707 4098 de‘
727 4033 867 4115 subjecto
895 4031 1058 4096 enunciari
1085 4032 1190 4118 possit.

171 4136 225 4201 Sic
253 4137 355 4202 omnia
377 4137 495 4221 judicia
530 4159 598 4202 vera
622 4138 697 4204 dicit
725 4139 785 4203 nisi
809 4158 890 4222 quac
919 4137 1052 4203 evidenti
1091 4158 1237 4202 sensuum

126 4241 303 4306 testimonio
333 4243 508 4307 refutantur
529 4243 589 4312 vid.
610 4244 699 4330 Diog.
720 4245 754 4310 L.
784 4245 847 4322 10,
866 4246 909 4309 34
937 4244 977 4310 cf.
1001 4243 1121 4308 Sextus.
1143 4242 1235 4327 Emp.

55 4371 60 4378 ·
126 4347 239 4424 7,216.

170 4450 284 4518 Eadem
318 4453 438 4520 ratione
476 4466 579 4520 noster
611 4456 782 4522 evidenter
800 4456 907 4521 falsam
938 4475 1007 4518 esse
1036 4454 1236 4542 Anaxagorae
