2874 5048
727 333 775 396 50

202 535 247 602 Ut
267 535 393 600 denotat
423 530 571 605 modum,
599 549 662 614 quo
693 526 830 590 muudus
859 526 959 590 factus
992 539 1053 591 cst:
1089 532 1176 597 orbis'
1194 533 1236 596 ita
1267 532 1316 597 fa-

201 654 268 706 ctus
290 652 353 717 est,
381 651 416 702 ut
434 647 539 722 pateat
566 634 684 698 semina
709 655 764 696 sua
788 644 910 717 sponte
945 635 1105 702 coaluisse.
1156 638 1192 700 lu
1226 659 1317 701 versu

207 749 288 810 11162
329 745 501 833 negligitur
541 741 709 805 auctoritas
745 739 902 806 codicum.
971 742 1049 804 Nam
1090 765 1147 826 pro
1167 745 1318 830 fierent,

121 879 124 886 ⁴
202 853 369 920 Vossianus
392 863 478 915 vetus
508 846 636 912 exhibet
657 845 832 934 fluerent,
857 846 964 933 quod,
996 870 1095 934 quum
1136 849 1188 914 hic
1217 849 1317 915 codex

202 981 295 1044 saepe
319 959 447 1046 quidem
476 955 618 1031 omittat,
645 954 698 1018 setl
725 976 795 1018 raro
823 953 934 1036 addat,
961 977 1023 1018 non
1053 978 1167 1040 parrae
1203 968 1317 1022 aucto-

204 1066 301 1130 ritatis
332 1064 410 1128 mibi
441 1084 506 1126 esse
538 1045 699 1136 videtum*
718 1061 901 1144 praesertim
941 1083 1040 1147 quum
1073 1074 1207 1150 uterque
1240 1065 1320 1132 Vos-

205 1173 330 1248 sianus,
357 1192 414 1256 pro
445 1166 606 1244 ceordic,
626 1166 800 1230 1101111111
830 1167 1013 1251 praebeant.
1063 1169 1144 1233 Hinc
1165 1193 1228 1234 nou
1259 1171 1317 1235 ab·

207 1276 320 1344 horreo
344 1299 362 1342 a
385 1277 541 1341 lectione:
573 1294 779 1361 magnarum
811 1296 926 1337 rernm
953 1274 1104 1360 fluerent
1131 1299 1171 1339 en
1203 1277 1322 1340 01111111

207 1397 356 1469 semper,
384 1385 426 1448 ita
457 1379 660 1465 explicanda:
694 1379 776 1443 orbis
806 1391 960 1446 terrarum
992 1382 1034 1445 ita
1075 1394 1119 1446 est
1159 1385 1319 1469 composi-

209 1502 257 1554 tus
287 1501 323 1553 ut
346 1499 448 1573 pateat
472 1487 590 1551 semina
621 1497 690 1570 post
719 1485 817 1549 varios
846 1507 933 1549 casus
964 1488 1115 1552 coaluisse
1145 1511 1203 1564 ea,
1231 1485 1264 1576 (i.
1290 1511 1320 1558 e.

208 1598 240 1660 in
272 1597 348 1660 tales
380 1596 516 1672 formas,
553 1594 661 1677 quales
709 1613 794 1656 nunc
830 1593 923 1656 rebus
963 1592 1133 1658 adhaerere
1166 1593 1320 1682 videmus)

209 1725 308 1790 quae,
334 1712 444 1786 utpote
477 1712 606 1783 repente
638 1698 803 1781 conjecta,
829 1719 951 1782 semper
974 1699 1111 1764 fluerent
1137 1702 1172 1786 (i.
1199 1723 1225 1769 e.
1252 1723 1322 1766 mu·

212 1817 621 1892 11100101,011011011101,Ὶ
638 1801 790 1890 perirent)
828 1827 864 1868 ex
903 1805 1013 1869 ordine
1054 1829 1239 1893 magnarum
1270 1831 1325 1872 re-

211 1937 280 1980 rum
315 1915 336 1979 i.
363 1936 389 1976 e.
417 1911 589 1978 secuudum
620 1933 691 1974 eum
725 1911 886 1988 ordinem,
916 1934 1011 1998 quem
1041 1935 1151 1999 magna
1183 1917 1327 1980 elemen-

215 2035 266 2097 ta,
291 2032 392 2096 terra,
428 2040 531 2095 mare,
562 2018 708 2093 coelum,
736 2018 768 2080 in
799 2019 860 2080 suis
888 2020 1113 2084 mutationibus
1143 2033 1275 2087 servant.
1377 2091 1381 2098 ,

159 2137 170 2146 ·
262 2126 313 2190 Uti
335 2125 526 2211 bicfluere,
548 2125 592 2188 sic
617 2128 701 2189 1011
722 2123 874 2209 fluitare
900 2125 1068 2189 adhibetur
1099 2127 1139 2190 de
1166 2128 1327 2212 perpetuis

216 2234 279 2296 illis
304 2230 527 2295 mutationibus
557 2230 672 2316 quibus
707 2251 754 2292 res
794 2251 902 2292 omnes
940 2225 1117 2296 mundanae
1158 2244 1230 2296 suut
1270 2233 1328 2296 ob·

217 2339 341 2402 noxiae.

262 2447 347 2510 llaec
374 2455 484 2508 natura
509 2443 651 2510 Vossiani
673 2444 781 2505 veteris
808 2443 893 2528 cogit
918 2463 967 2506 me
991 2444 1022 2506 in
1048 2444 1150 2519 &219
1175 2466 1246 2508 cum
1267 2443 1328 2508 boc

218 2551 333 2617 Codice
367 2552 474 2636 legere
498 2561 528 2610 et
549 2561 628 2614 toto.
676 2549 728 2612 Sic
751 2549 908 2612 efficacius
934 2561 964 2612 et
995 2551 1118 2633 plenius
1143 2551 1330 2635 exprimitur

221 2657 397 2722 indubitata
431 2677 513 2736 mors
549 2666 579 2719 et
602 2655 741 2738 perfecta
764 2656 804 2718 ab
829 2657 913 2719 omni
939 2667 1027 2739 parte
1051 2659 1182 2720 secessio
1213 2659 1331 2736 animi,

220 2786 315 2852 quam
341 2763 364 2826 si
390 2763 515 2847 vulgata
549 2762 729 2826 retineatur.
778 2762 861 2826 llaec
887 2772 990 2825 tamen
1015 2763 1193 2827 subtilitatis
1218 2765 1332 2828 nimiae

221 2894 285 2935 esse
307 2869 487 2946 rideantur,
514 2870 592 2945 uisi,
615 2891 696 2955 quoe
720 2869 759 2932 de
786 2869 937 2932 Vossiano
963 2871 1058 2933 veteri
1083 2870 1167 2946 dixi,
1191 2871 1333 2935 animad-

222 2988 403 3054 vertantur3
432 2975 485 3039 sed
511 2974 574 3038 huc
599 2987 701 3038 tamen
728 2975 819 3038 etiarn
844 2977 962 3038 referre
987 2997 1041 3039 uos
1068 2977 1190 3040 ridetur
1212 2977 1334 3041 omissio

223 3086 351 3149 voculae
373 3107 388 3145 e
409 3083 536 3148 lullus.
562 3081 596 3147 B.
623 3084 664 3158 2,
699 3104 760 3146 non
796 3084 838 3146 ita
870 3083 970 3146 facilis
997 3084 1021 3145 si
1059 3107 1074 3145 e
1104 3095 1183 3148 esset
1221 3085 1335 3170 legen-

223 3192 318 3265 dum,
355 3189 408 3252 sed
443 3190 547 3252 miuus
584 3189 724 3252 miranda
760 3191 793 3252 in
839 3191 1019 3253 voculicillo
1056 3202 1097 3256 et.
1168 3191 1334 3257 ttae—vos·

224 3297 300 3362 siani
324 3296 433 3358 veteris
454 3307 562 3358 natura
585 3297 717 3358 maxime
746 3295 883 3382 denique
920 3297 1147 3360 confirmantur
1172 3291 1227 3374 ea,¹
1253 3320 1333 3384 quae

225 3403 264 3468 ad
290 3401 544 3478 assecuturus
569 3401 609 3466 de
635 3403 825 3466 restituendo
850 3406 975 3466 viscere
1003 3405 1034 3466 in
1061 3405 1183 3480 3367,
1208 3404 1262 3466 ubi
1287 3405 1335 3466 vel

226 3509 367 3574 Lambini
401 3507 523 3572 codices
548 3509 716 3572 concinere
741 3509 886 3574 ridentur
916 3531 987 3572 cum
1012 3509 1173 3576 Vossiauo.
1222 3507 1260 3572 Ut
1283 3507 1336 3572 de·

226 3617 334 3680 cedere
356 3627 424 3677 toto
446 3636 599 3700 corpore,
628 3615 673 3678 sic
699 3617 801 3693 3‚330
837 3617 867 3677 e
887 3620 925 3680 31
956 3637 1093 3700 corpore
1126 3627 1194 3679 toto
1223 3628 1335 3680 extra-

229 3723 314 3788 bore.

259 3832 404 3908 2‚1103.
430 3830 601 3905 liliosum,
623 3851 724 3914 quae,
748 3841 876 3914 propter
895 3832 1061 3894 lectionem
1079 3828 1223 3893 codicum
1240 3827 1336 3916 quod,

228 3919 265 3998 in
286 3947 423 4004 mentem
444 3955 592 3997 revocare
613 3934 718 3999 velim.
768 3935 906 3998 Primum
928 3937 1010 3999 enirn
1033 3937 1099 4020 ipse
1120 3935 1216 4011 111111,
1239 3934 1265 3998 si
1285 3956 1340 3997 uo·

233 4052 339 4106 centes
363 4039 533 4121 impunitos
554 4038 709 4115 dimittat,
731 4060 794 4102 nun
814 4041 963 4124 praeterit
981 4063 1033 4107 eos
1055 4043 1137 4117 telo,
1160 4040 1214 4104 sed
1238 4041 1340 4104 telum

231 4151 333 4233 ipsum
352 4145 504 4231 praeterit
532 4157 698 4224 nocentes3
730 4145 804 4223 sed,
836 4147 860 4210 si
890 4149 938 4210 rel
967 4147 1028 4212 hoc
1056 4147 1124 4211 fieri
1145 4169 1237 4231 pesse
1264 4167 1339 4210 con-

231 4254 381 4330 cedatur,
406 4251 491 4339 quod
516 4273 578 4315 nou
604 4273 707 4339 nego,
733 4253 892 4330 secundo,
917 4255 943 4317 si
975 4255 1054 4320 deus
1087 4254 1270 4338 suppleatur
1302 4251 1339 4316 ad

227 4361 397 4447 praeterit
442 4361 636 4436 exanimat,
674 4361 848 4424 necessario
888 4362 1059 4447 requiritur
1100 4359 1336 4442 subjuuctirus3

232 4465 394 4532 continent
425 4467 509 4528 enim
543 4463 621 4531 haec
656 4468 749 4532 rerba
787 4469 1055 4533 continuationem
1087 4465 1338 4551 praecedentium
