2920 5044
751 347 797 407 ‘ttt

218 542 401 608 sententiam
420 538 630 605 demonstrare
649 549 780 601 conatur
797 537 859 599 ita:
883 537 956 622 qnia
977 540 1065 604 cibus
1084 552 1178 626 auget
1199 563 1334 626 corpus,

219 651 306 714 cibus
324 659 446 712 constat
472 668 506 710 ex
539 643 730 730 alienigenis.

268 758 384 832 1,873.
434 755 590 822 Versuum
611 762 679 835 post
698 749 785 814 hunc
817 771 938 816 versum
970 751 1001 814 in
1031 751 1156 836 optimis
1174 755 1336 818 codicibus

220 861 382 925 obviorum
394 860 484 945 prior
505 859 571 924 sine
600 857 716 934 dubio,
740 867 775 920 ut
799 879 825 922 r.
846 857 876 921 d.
900 857 1030 921 Siebelis
1058 858 1201 941 conjicit,
1225 881 1261 923 ex
1289 883 1333 926 vs.

220 967 285 1030 859
307 968 338 1028 dc
363 968 428 1030 868
449 963 601 1028 conflatus
639 974 701 1038 est,
730 985 789 1027 nec
825 973 928 1026 tamon
963 964 1116 1038 rationes,
1146 984 1204 1027 cur
1232 977 1335 1049 poste-

222 1071 335 1135 riorem
360 1063 481 1135 serrare
500 1070 591 1144 velit,
622 1091 687 1132 rem
711 1069 867 1132 conficere
884 1067 968 1136 mihi,
985 1068 1139 1134 ridentur.

267 1176 358 1256 Quod
384 1178 467 1240 enim
487 1176 665 1260 prr‘moin
695 1175 850 1260 prioribus
886 1175 1060 1261 alienigena
1082 1177 1257 1240 accuratius
1282 1197 1337 1240 so-

223 1285 288 1347 lere
313 1283 433 1347 definiri
455 1284 578 1359 alferat,
607 1304 790 1367 oppugnare
813 1265 886 1346 licet
906 1282 1017 1366 ipsius·
1032 1282 1130 1345 rerbis
1150 1281 1188 1346 ad
1214 1304 1335 1346 versum

124 1433 129 1438 -
224 1392 310 1465 867,
333 1391 453 1454 seilicet
484 1397 593 1474 poe'tae
617 1389 768 1451 rationem
796 1410 859 1451 non
893 1409 980 1470 posse
1015 1388 1097 1474 exigi
1126 1388 1163 1452 ad
1197 1409 1338 1453 severam

223 1494 460 1580 argumentandi
489 1515 638 1558 normam.
687 1493 779 1573 Quod
800 1491 942 1555 aecurrdo
962 1492 1058 1557 haec:
1090 1491 1232 1555 totidem
1258 1513 1337 1556 cer-

225 1599 279 1663 tis
294 1611 394 1664 utare
417 1600 534 1664 licebit
542 1625 553 1676 ς
576 1600 756 1663 necessario
784 1599 869 1662 bunc
895 1621 1018 1664 versum
1042 1607 1152 1684 potitae
1180 1599 1338 1664 vindicare

223 1719 333 1794 putet,
359 1729 422 1771 non
452 1728 576 1791 possum
604 1706 793 1780 concedere,
824 1706 897 1792 quia
924 1713 1012 1789 poeta
1033 1707 1114 1769 forte
1141 1707 1271 1791 respexit
1297 1706 1337 1770 ad

224 1816 289 1880 869
312 1816 343 1874 da
365 1816 407 1875 70
425 1813 480 1896 qui
501 1834 518 1874 a
536 1814 568 1874 ai
587 1811 762 1894 incipiunt,
789 1811 831 1874 uti
857 1813 947 1875 etiam
970 1813 1052 1890 872;
1077 1823 1106 1874 et
1124 1811 1208 1896 qnod
1232 1813 1339 1874 tertio

222 1919 308 1984 hunc
330 1940 449 1985 versum
471 1929 591 1980 tueatur
610 1915 802 1990 auctoritate*
824 1917 984 1994 codicum,
1025 1918 1144 1981 nullius
1171 1919 1236 1983 lere
1269 1941 1339 1983 mo·

222 2025 318 2088 menti
339 2035 382 2087 est
406 2033 532 2108 propter
552 2023 787 2108 praecedentem
809 2045 929 2086 versum
952 2025 1110 2107 spurium,
1135 2024 1241 2088 eadem
1261 2047 1338 2090 auc-

222 2131 344 2194 toritate
364 2134 532 2194 munitum.
580 2129 647 2191 lmo
668 2140 837 2215 utrumque
860 2151 980 2192 versum
1002 2130 1153 2194 insertum
1180 2151 1243 2194 esse
1259 2142 1338 2215 puto

221 2258 257 2299 ex
286 2236 405 2312 verbis,
438 2236 475 2300 ad
515 2236 635 2300 literam
682 2234 788 2320 inepte
827 2236 1012 2315 intellectis3
1049 2235 1188 2299 totidem
1224 2236 1337 2301 verbis

220 2354 321 2405 utare
337 2342 470 2418 licebit,
499 2353 532 2404 ut
554 2343 639 2426 prior
665 2363 738 2404 cum
762 2365 881 2406 versum
904 2345 971 2407 868
999 2343 1178 2406 conveniret
1204 2353 1233 2406 et
1265 2365 1337 2426 pos·

221 2449 315 2512 terior
345 2469 417 2512 cum
444 2450 521 2512 870.
590 2448 715 2532 Ingrata
743 2459 774 2511 et
808 2448 913 2532 inepta
952 2459 997 2512 est
1027 2448 1170 2531 repetitio
1202 2446 1268 2514 cciv
1296 2471 1336 2512 ec

222 2553 431 2638 alienigenis
463 2555 496 2616 in
523 2575 555 2616 re
585 2553 703 2616 nullam
733 2552 892 2637 emphasin
930 2553 1137 2630 desideranti,
1169 2556 1210 2618 ita
1242 2567 1276 2619 ut
1308 2555 1335 2618 si

223 2658 358 2722 retinere
384 2658 474 2732 velis,
497 2658 653 2721 distinctio
670 2669 742 2722 ante
765 2658 876 2746 lignis
905 2660 943 2722 sit
972 2658 1108 2723 tollenda
1133 2670 1163 2723 ct
1190 2683 1230 2722 ec·
1251 2661 1337 2724 alie·

222 2765 359 2852 erigenda
388 2783 461 2827 cum
489 2762 599 2851 ligaris
630 2763 848 2850 conjungenda
874 2765 954 2838 sint,
982 2757 1065 2849 quod
1089 2766 1244 2842 faverem,
1275 2766 1334 2830 nisi

224 2871 356 2934 obstaret
384 2870 495 2956 lignis
518 2869 551 2933 in
579 2873 665 2945 870,
690 2870 773 2934 nude
791 2871 935 2955 positum.

275 2982 307 3052 Ι,
326 2980 403 3041 885.
451 2976 528 3039 (lum
550 2976 710 3040 codicibus
735 2976 923 3061 legendum:
953 2976 1091 3052 latices,
1123 2988 1153 3040 et
1173 2976 1335 3060 explican-

223 3082 299 3146 dum
327 3104 400 3146 curn
430 3081 597 3146 Lambino:
625 3082 746 3159 latices,
775 3075 987 3168 quaspotant
1008 3081 1152 3168 pecudes.
1203 3084 1246 3146 Ex
1266 3082 1337 3148 ber·

223 3191 271 3254 bis
290 3193 373 3254 enim
406 3203 435 3256 et
460 3212 541 3276 aqua
569 3193 667 3255 oritur
693 3193 741 3256 lac
769 3191 948 3274 pecudum,
981 3201 1088 3275 utpote
1117 3211 1165 3254 res
1195 3190 1331 3275 liquida3

185 3343 187 3351 -
224 3307 379 3381 praeterea
405 3294 525 3359 herbae
554 3297 681 3379 quidem
702 3297 830 3358 mittunt
859 3306 959 3381 guttas
984 3295 1083 3359 laticis
1103 3295 1124 3360 i.
1151 3316 1178 3360 e.
1198 3294 1338 3359 humoris

107 3474 113 3484 Ι
224 3403 275 3465 sed
307 3403 425 3463 latices
451 3423 512 3463 non
544 3401 673 3463 mittunt
699 3399 937 3486 dulces‘guttas
972 3400 1076 3477 lactis;
1109 3397 1248 3484 denique
1278 3401 1338 3464 nisi

225 3521 273 3584 et,
296 3508 328 3570 in
349 3528 437 3568 versu
458 3508 540 3580 285,
568 3505 605 3569 sit
637 3509 749 3591 copula
776 3509 857 3570 inter
885 3504 1005 3568 herbar
1035 3515 1066 3568 et
1095 3504 1234 3583 latices,
1260 3504 1338 3569 haec

212 3595 380 3698 particula.
407 3613 533 3676 offendit
558 3625 683 3698 propter
716 3613 901 3696 praecedens
929 3633 1073 3697 quoque,
1096 3622 1166 3675 utut
1187 3610 1334 3676 defenda-

225 3731 275 3782 tur
302 3720 486 3802 opponendb
520 3743 608 3784 versu
640 3722 704 3784 887
741 3730 799 3781 »et
833 3717 966 3802 glebis.“

275 3831 309 3901 l,
329 3828 406 3890 889.
454 3826 529 3889 Cum
553 3826 712 3891 codicibus
738 3837 769 3889 et
794 3823 1026 3908 antiquioribus
1045 3822 1265 3907 interpretibus
1288 3822 1336 3886 le-

228 3953 336 4018 gamus
358 3943 480 4018 ctqu03
521 3934 597 3996 ratio
625 3933 727 4006 enim,
760 3931 963 4014 quamobrem
987 3930 1134 4016 Forbiger
1155 3951 1194 3992 ae
1216 3937 1335 4005 tuetur,

225 4048 270 4101 est
295 4036 392 4102 nibili.
442 4040 602 4103 Praeterea
631 4029 735 4100 inritis
769 4036 929 4100 codicibus
963 4034 1187 4100 restituendum
1216 4031 1338 4097 videtur

226 4145 335 4208 terrie
363 4157 488 4230 propter
514 4144 665 4230 pluralem
694 4153 870 4206 terrarum
905 4167 945 4207 rs.
976 4145 1062 4218 887,
1094 4141 1119 4204 si
1142 4161 1256 4224 nempe
1276 4161 1339 4203 non

226 4251 352 4313 omnino
367 4250 590 4336 incastigatum
614 4270 677 4312 esse
700 4259 820 4334 poetam
841 4250 1021 4313 Lucretium
1042 4247 1214 4312 credamus.

275 4358 311 4431 1,
336 4358 403 4420 890
424 4358 455 4418 dc
478 4358 532 4420 91.
581 4354 649 4416 Duo
666 4353 698 4418 hi
716 4377 820 4421 versus
842 4355 950 4419 dubito
981 4377 1063 4420 anne
1086 4354 1147 4418 sint
1174 4347 1338 4434 ejiciendi;

230 4449 445 4548 desuntJenim
462 4461 494 4524 in
513 4460 663 4545 Gottorp:
682 4473 712 4526 et
732 4463 822 4546 plura
845 4458 986 4536 νοθείας
1008 4461 1095 4546 signa
1116 4458 1149 4520 in
1167 4457 1269 4522 lrcnte
1287 4479 1340 4542 ge·
