2920 5044
581 381 724 444 vltl'

192 581 345 666 Legatos:
370 587 401 638 et
424 597 501 637 cero
524 576 557 635 n·
580 586 661 638 ενοι
686 577 769 661 igni
793 597 929 660 vereque
953 589 1098 641 creatae.

194 685 279 765 Quid
308 683 470 747 Lucretius
510 681 567 744 sibi
601 681 673 744 velit
701 703 754 765 pcr
792 704 904 744 aarum
934 684 1061 768 ignem,
1096 685 1196 750 statim
1228 687 1260 750 iu

48 829 53 841 ·
144 793 289 878 subseqq.
309 791 457 873 explieat,
480 788 546 852 scil.
559 811 601 854 vs.
617 789 683 852 649
701 790 733 850 dr
751 791 812 852 50:
836 811 853 850 rr
862 791 886 852 si
904 801 1004 872 partes
1025 790 1106 876 ignis
1126 789 1262 856 eundem

148 895 341 971 Naturam,
364 915 468 980 quum
488 904 579 956 totus
598 891 692 955 tntu
713 915 815 978 super
836 897 952 982 ignis,
977 893 1160 960 baberent.’'
1193 897 1262 962 Non

149 1025 225 1088 opus
253 1015 297 1066 est
317 1013 351 1064 ut
373 1000 632 1072 animadvertam,
656 1019 749 1083 quam
777 1001 909 1064 libenter
929 1001 1108 1076 Lueretius,
1133 1003 1211 1086 quin
1232 1015 1262 1066 et

150 1131 258 1173 omues
284 1109 350 1172 lere
374 1121 488 1170 veteres
517 1105 623 1172 eadem
652 1107 763 1198 verba,
786 1107 919 1170 eundem
940 1129 1072 1184 sonum,
1101 1108 1133 1171 in
1154 1108 1262 1172 eodem

149 1237 239 1279 versu
259 1225 398 1300 repetere
416 1212 496 1276 soliti
514 1211 632 1275 luerint
650 1233 677 1276 v.
701 1233 749 1298 g.:
774 1213 869 1276 multa
888 1213 989 1276 modis
1010 1213 1135 1290 multis,
1160 1206 1263 1292 πόνος

148 1315 238 1412 πόνῳ
263 1313 367 1386 πόνον
388 1319 496 1408 φέρει,
521 1328 550 1382 et
579 1319 624 1381 sic
645 1317 797 1380 sexcentis
823 1320 855 1381 iu
874 1318 960 1384 locis.
997 1319 1088 1382 Plura
1111 1323 1264 1404 congessit

149 1426 324 1492 Lobeclvius
350 1425 389 1490 ad
410 1425 537 1508 Ajacem
559 1447 601 1490 vs.
631 1427 715 1500 866,
742 1446 778 1486 cx
809 1425 924 1510 quibus
943 1423 1006 1489 hoc
1026 1426 1141 1489 comici
1163 1427 1264 1490 Latini

151 1533 324 1597 adscribere
343 1532 438 1596 libet:
460 1531 603 1614 »optime
622 1533 740 1614 optimo
757 1552 883 1614 operam
905 1531 978 1595 dant
996 1531 1161 1614 optimam,
1174 1533 1261 1614 mala

151 1640 251 1704 malae
275 1639 358 1702 malo
387 1641 593 1701 monstrant.”
622 1637 661 1701 ol,
691 1647 721 1700 et
739 1635 892 1700 Naeclrius
910 1638 942 1701 in
960 1637 1076 1722 disput.
1105 1638 1144 1702 de
1162 1639 1261 1703 allite·

43 1811 48 1816 ,
151 1747 277 1810 ratione.

195 1852 353 1916 656-66.
403 1849 535 1915 Versum
567 1851 632 1914 656
662 1859 773 1913 tractat
801 1849 922 1936 Madvig
958 1851 991 1912 in
1028 1871 1134 1934 opusc.
1173 1851 1260 1917 acad.

149 1969 226 2024 tom.
254 1958 289 2033 Ι,
323 1979 353 2041 p.
386 1959 469 2031 308,
492 1966 555 2020 not.
580 1961 616 2030 2,
643 1965 677 2019 ut
699 1956 808 2040 probet
837 1979 872 2019 ex
906 1957 1049 2019 omnibus
1080 1956 1261 2034 codicibus,

148 2067 204 2151 qui
239 2063 327 2127 nobis
357 2073 539 2146 supersunt,
577 2061 816 2148 Lugdunensem
854 2063 1014 2139 codicem,
1050 2063 1139 2128 litera
1171 2063 1259 2128 Zab

149 2169 371 2254 Havercampio
394 2177 552 2245 notatum,
582 2170 720 2253 prorime
742 2170 846 2233 abesse
867 2191 884 2232 a
902 2169 1133 2254 Gottorpieusi,
1153 2169 1261 2234 simul·

150 2299 214 2362 que
244 2274 440 2361 reprehendit
461 2275 664 2360 Forbigerum
687 2296 759 2338 cum
779 2275 904 2341 Wakef.
928 2277 1034 2338 inesse
1052 2276 1259 2355 scribentem;

153 2404 212 2447 nec
242 2394 342 2446 tamen
373 2380 452 2444 viam
478 2403 566 2444 verae
593 2381 735 2444 lectionis
761 2381 964 2446 inveniendae
981 2379 1180 2444 demonstrat.
1231 2382 1259 2446 G

150 2501 180 2554 et
209 2491 233 2552 Z
260 2488 343 2552 enim
368 2486 484 2551 habent
503 2509 580 2574 mu,
603 2487 633 2549 Y
651 2503 788 2562 muros,
808 2488 902 2552 ceteri
923 2489 1013 2552 varia.
1061 2486 1168 2567 Quum
1191 2510 1262 2552 vero

149 2617 289 2660 summus
305 2595 359 2656 ille
377 2591 421 2656 vir
439 2594 560 2669 locum,
574 2595 662 2678 quasi
680 2594 890 2679 desperatum,
911 2595 1063 2658 intactum
1081 2592 1259 2677 reliquerit,

147 2703 294 2790 parvulus
315 2722 374 2786 ego
401 2699 433 2762 in
462 2700 559 2764 literis
579 2700 695 2764 Latinis
713 2699 752 2763 de
772 2700 831 2763 isto
850 2720 908 2763 mu
931 2723 971 2764 ne
993 2697 1039 2785 μῦ
1061 2698 1188 2784 quidem
1212 2699 1261 2764 di·

147 2831 219 2875 cere
237 2808 334 2872 ausim
358 2806 416 2868 nisi
445 2806 596 2869 arrideret
623 2806 719 2872 Vossii
740 2804 918 2888 conjectura
950 2827 1102 2880 uvaurae,
1133 2805 1257 2871 doetea

147 2915 294 3002 Preigero
313 2913 538 2978 commendata.
575 2913 652 2975 Nam
670 2934 768 2998 quum
783 2913 957 2976 Heraclitus
974 2913 1083 2997 placita
1101 2934 1155 2976 sua
1173 2934 1259 2976 avero
1338 2921 1341 2924 “

147 3032 248 3085 santes
269 3011 435 3104 ἀμούσους
466 3019 733 3103 cognominasset,
756 3018 839 3102 quid
867 3018 1003 3093 mirum,
1038 3016 1121 3100 quod
1150 3016 1258 3080 eudem

146 3128 242 3192 verbo
270 3127 398 3190 eamlem
420 3125 566 3208 injuriam
594 3125 626 3188 in
661 3126 750 3187 illum
776 3125 930 3188 retorserit
959 3134 1077 3197 noster,
1108 3122 1163 3206 qui
1196 3133 1259 3186 toto
1367 3114 1369 3120 '

146 3216 304 3296 hocloco
339 3233 410 3296 satis
444 3231 641 3295 vehementer
671 3232 702 3294 in
735 3231 925 3294 Heracliteos
957 3228 1142 3294 invehatur?
1190 3229 1256 3294 Hac

144 3338 280 3404 lectione
305 3350 469 3402 contentus
497 3361 582 3413 sum,
614 3338 715 3402 donec
743 3337 872 3401 meliora
904 3336 1080 3400 afferantur.

190 3467 235 3510 vs.
260 3447 336 3509 661.
384 3443 467 3524 Quid
503 3445 653 3528 Forbiger
688 3444 745 3508 sibi
777 3444 849 3507 velit
883 3443 1004 3506 edendo
1034 3429 1074 3508 vs.
1103 3445 1164 3506 661
1199 3464 1256 3506 ea-

145 3563 291 3629 emtum,
313 3573 376 3615 uon
402 3551 510 3634 capio,
538 3571 596 3616 uec
616 3573 737 3616 sensum
767 3549 882 3614 habent
910 3553 986 3626 ista,
1019 3561 1172 3635 quatenus
1205 3572 1255 3613 sa-

145 3657 209 3743 pio.
256 3658 284 3722 G
307 3657 378 3720 Yz
406 3656 521 3721 babent
546 3669 671 3721 exemto
696 3657 794 3720 rebus
821 3659 941 3734 inune,
969 3655 1052 3741 quod
1082 3665 1165 3719 recte
1193 3655 1204 3740 (
1229 3652 1256 3740 ).

144 3762 252 3828 Irrurra
281 3775 325 3827 est
355 3763 519 3841 ablativus,
547 3775 577 3828 et
599 3764 787 3828 substantive
818 3762 1002 3842 adhibetur,
1038 3761 1083 3825 uti
1109 3761 1141 3824 in
1174 3762 1254 3826 libro

143 3875 179 3946 6,
195 3893 235 3934 vs.
255 3871 337 3935 697:
362 3877 494 3934 »mare''
516 3892 571 3955 pro
593 3871 671 3934 mari
690 3862 839 3954 scriptum
863 3869 1015 3934 videtura
1034 3868 1177 3932 Lucretio
1192 3865 1252 3956 (2).

174 4190 215 4254 (1)
250 4191 292 4239 Ex
310 4193 459 4241 recensione
474 4207 497 4240 v.
517 4193 541 4240 d.
560 4178 711 4242 stabelis'tn
727 4191 801 4240 Diar.
819 4191 885 4239 Ant.
898 4192 976 4249 1847,
1001 4196 1062 4238 sect.
1084 4195 1099 4236 4
1117 4189 1186 4236 idem
1197 4188 1253 4250 jem

143 4275 288 4325 restitutum
306 4289 361 4324 esse
375 4275 452 4325 video
470 4291 486 4323 a
507 4277 562 4325 viro
579 4277 655 4325 docto
673 4275 862 4338 Alteuburgi0‚
882 4273 955 4336 eujus
973 4280 1059 4321 tamen
1074 4271 1176 4321 libellus
1189 4287 1253 4323 non·

143 4359 205 4408 dum
224 4360 257 4408 ad
274 4373 315 4408 me
332 4360 445 4423 perlatus
463 4367 508 4409 est.
678 4408 680 4412 .

178 4441 218 4506 (2)
252 4442 332 4492 Inani
347 4443 432 4507 placet
449 4444 510 4492 viris
528 4445 609 4492 doctis
627 4443 736 4493 Sicbelis
754 4448 780 4490 et
792 4441 951 4501 Altenburg:
970 4437 1015 4486 scd
1032 4436 1107 4486 iaaac
1121 4437 1254 4501 antiquum

144 4540 196 4574 non
223 4525 334 4585 offendet
360 4532 536 4589 reputantem,
563 4525 701 4575 ablativum
728 4525 879 4588 Latinorum
906 4521 967 4568 oriri
993 4535 1025 4568 ex
1057 4520 1142 4570 dativo
1169 4522 1253 4571 demta
