2874 5048
636 373 683 439 ss
711 325 714 332 .

103 566 326 632 sententiarum
361 564 414 628 illa
456 563 594 637 lumino,
626 582 706 646 quae
741 573 851 626 vocant
880 564 992 628 Gracci
1033 557 1209 654 σχήματα,

104 671 237 756 quibus,
269 680 418 754 lenquarn
445 668 618 756 insignibus
649 667 681 731 in
717 678 848 744 ornatu,
884 667 1084 756 distinguitur
1116 672 1216 736 omnis

104 777 237 844 orudo.’'

149 881 326 947 Cavendum
360 883 441 946 enim
470 902 510 946 ne
552 903 587 946 or
619 880 734 966 vulgari
780 881 873 944 nostri
907 882 1050 966 temporis
1094 881 1218 948 ridendi

104 989 222 1055 rutione
262 989 441 1056 Ciceronem
479 986 525 1050 his
557 987 654 1050 verbis
690 1007 813 1050 omnem
846 987 1000 1072 poetieam
1028 989 1218 1053 ¹facultatem

103 1095 248 1158 Lucretio
276 1094 440 1179 denegasse
466 1105 621 1178 putemus.
668 1093 774 1156 iliram
803 1114 893 1169 eam,
918 1094 996 1179 quin
1027 1094 1120 1158 etiarn
1138 1095 1219 1158 stul·

104 1212 169 1266 tam
201 1199 427 1285 absurdumque
454 1199 630 1283 opinionem
666 1197 705 1262 de
737 1199 828 1281 genio
863 1200 1008 1283 poiiticu,
1036 1219 1098 1264 sec.
1120 1221 1217 1285 quam

105 1316 197 1392 potita
230 1307 294 1370 sine
308 1305 416 1370 studio
438 1317 470 1370 et
492 1307 616 1381 labore,
649 1306 736 1391 quasi
768 1305 901 1368 Minerva
934 1315 1050 1368 armatu
1074 1327 1110 1369 er
1134 1306 1215 1370 lovis

105 1413 228 1497 cupite,
249 1429 408 1498 exsurgere
431 1412 655 1496 ingeniumque
676 1408 834 1474 ostendere
857 1412 970 1494 possit,
995 1412 1115 1497 antiqui
1138 1433 1218 1496 pru-

108 1517 214 1584 dentes
237 1518 441 1604 ignorabant,
466 1519 583 1604 quippe
617 1518 673 1604 qui
704 1527 846 1580 naturum
884 1515 997 1580 ducem
1030 1527 1216 1604 sequentes,
1258 1550 1261 1555 ·

108 1646 221 1701 omne,
246 1623 331 1710 quod
358 1646 530 1709 magnum,
576 1623 739 1708 pulcrum,
776 1623 893 1688 honum
928 1632 1024 1699 esset,
1060 1644 1126 1688 uon
1161 1624 1218 1686 uisi

106 1733 240 1796 marimo
263 1730 368 1795 labore
392 1731 457 1815 pari
480 1751 566 1814 posse
587 1730 802 1814 intelligerent.

153 1838 205 1902 Sic
221 1839 291 1900 setis
313 1837 412 1900 leudis
434 1838 593 1900 continent
624 1836 676 1898 illa
698 1833 806 1898 verba:
841 1833 971 1898 multoe
1010 1856 1078 1898 osae
1125 1837 1218 1898 ortis
1275 1903 1276 1907 ,

105 1948 265 2029 pollincto
294 1941 474 2016 Lucretiis
509 1949 700 2026 uecpodtae
724 1941 848 2004 nomine
870 1939 1016 2025 indiguus
1049 1940 1222 2005 habebatur

110 2049 261 2114 veteribus
283 2050 358 2122 ille,
381 2050 436 2132 qui
458 2047 648 2111 Graecorum
661 2069 689 2114 v.
713 2064 745 2131 g.
769 2057 872 2130 poetes
895 2046 1001 2110 Lutine
1019 2047 1218 2132 exprimeret,

109 2153 203 2220 modo
226 2176 289 2230 nou
326 2153 442 2218 servili
463 2153 603 2228 ratione,
628 2151 681 2216 sed
709 2162 780 2236 apte
799 2153 831 2215 iu
856 2168 921 2216 rem
943 2173 1031 2214 suam
1054 2150 1132 2215 haee
1149 2171 1219 2216 ver·

110 2272 208 2338 teret,
229 2262 276 2324 uti
307 2259 474 2344 Virgilius,
516 2277 551 2320 es
584 2256 697 2331 Arato,
738 2255 949 2332 Callimacho,
982 2259 1048 2321 aliis
1084 2257 1219 2342 plurimo

112 2377 270 2432 mutuatus
291 2366 355 2430 sine
384 2365 446 2428 ullo
474 2364 613 2448 vituperii
636 2371 744 2438 metu,
776 2355 820 2426 siat
840 2383 993 2448 superque
1016 2361 1135 2447 probet.

611 2615 709 2628 “—

156 2791 241 2856 liaeo
260 2799 424 2876 postquam
448 2789 516 2873 jum
540 2789 654 2874 scripto
671 2787 833 2864 mandari,
853 2789 1027 2872 elegantem
1046 2789 1109 2877 legi
1127 2799 1223 2877 atque

111 2896 211 2983 relegi
233 2895 289 2959 riri
315 2895 399 2961 docti
418 2896 565 2970 Siebelis,
589 2897 671 2961 bene
687 2894 727 2958 de
738 2893 883 2958 Lucretio
900 2893 1022 2971 meriti,
1044 2893 1224 2982 disputatio·

113 3023 207 3079 nem,
235 3001 297 3086 quai
313 3001 372 3066 riri
403 3003 442 3067 cl.
471 3001 600 3089 Bergkii
631 3002 864 3086 conjecturam,
895 3012 968 3064 ante
1006 3000 1137 3067 multoe
1170 3013 1223 3068 to·

109 3129 189 3173 men
209 3108 318 3183 ortis,
341 3129 407 3172 noo
428 3108 591 3174 inserentis
619 3107 774 3194 improbat
792 3118 823 3172 et
848 3107 976 3185 reiutnt3
1001 3105 1138 3192 ‹pudoum
1160 3107 1223 3172 und

114 3215 240 3302 elegans
277 3215 458 3298 ceteroquin
503 3213 684 3298 conjectura
726 3213 783 3278 riri
817 3213 900 3276 docti
932 3211 1036 3288 Weil,
1075 3214 1226 3280 inordina

114 3330 227 3384 tamon
252 3318 363 3395 ortis,
384 3319 514 3384 corruit.
561 3319 646 3386 Dior.
671 3317 779 3403 Antiq.
807 3321 912 3394 1847,
931 3329 1006 3383 sect.
1034 3320 1066 3386 4.

158 3425 246 3488 Licet
272 3434 377 3488 autem
413 3424 557 3490 lubenter
592 3425 625 3489 in
655 3437 721 3489 arte
759 3425 902 3489 Lucretio
932 3422 1117 3490 vindicanda
1149 3425 1227 3492 viro

115 3530 207 3595 docto
230 3531 399 3608 assentiar,
425 3553 488 3594 nou
513 3548 612 3616 neque
646 3544 748 3596 tamen
780 3530 857 3595 mihi
888 3531 1029 3615 probarit
1058 3532 1226 3596 lectionem

117 3635 284 3710 codicum,
309 3657 403 3721 quam
423 3637 561 3702 defendit
589 3661 661 3704 cum
691 3636 909 3702 Wakefieldio.
967 3636 1067 3700 Unice
1098 3636 1227 3721 quidem

117 3761 188 3807 vera
206 3740 285 3805 milri
308 3742 431 3807 videtur
450 3743 524 3819 illa,
541 3764 636 3827 quam
655 3745 792 3827 profert,
813 3742 1046 3826 interpunctio:
1073 3740 1232 3806 lucretii

114 3849 293 3933 primatu,
323 3859 362 3910 ot
384 3847 528 3923 eoridie,
552 3850 606 3912 ito
634 3860 733 3912 sunt.-
769 3847 893 3909 moltis
917 3845 1105 3912 torrentior
1133 3849 1229 3934 inge·

116 3953 192 4028 nii3
222 3953 352 4015 multae
391 3965 503 4016 tanuen
536 3956 654 4031 ortis3
689 3952 739 4017 sed
780 3953 867 4017 nulls
906 3953 1120 4037 interpunctio
1149 3955 1230 4018 valet

119 4056 363 4144 oppositionem,
400 4080 481 4144 quae
509 4070 637 4145 propter
677 4069 788 4121 tamen
808 4134 813 4148 ὓ
831 4055 1003 4121 necessario
1039 4057 1229 4140 requiritur,

118 4184 274 4248 apponere
311 4163 430 4227 verbis:
468 4165 593 4228 multia
626 4164 814 4228 luminibus
848 4162 1004 4250 ingenii,
1049 4162 1102 4225 ubi
1142 4162 1231 4228 nulla

122 4290 225 4331 revera
253 4269 343 4332 inest.
391 4270 424 4333 si
451 4269 510 4334 hoc
540 4271 650 4335 Cicero
686 4269 852 4342 voluisset,
879 4267 1008 4330 omnino
1033 4277 1099 4350 post
1121 4278 1233 4332 tamen

120 4371 284 4436 addidisset
318 4375 443 4450 etiam,
463 4389 638 4460 praetereo
669 4377 714 4439 sel
746 4375 846 4438 simile
874 4371 972 4456 quid,
993 4372 1172 4455 praesertim
1197 4376 1231 4441 in

124 4477 344 4564 negligentiori
366 4480 647 4566 abundantiorique
676 4481 874 4564 epistolarum
906 4476 1054 4542 oratioue.
1102 4478 1235 4544 Persisto
